2168 3573
953 269 1001 277 .-
1037 246 1088 288 20
1128 267 1178 277 -.
1838 237 1875 286 ’Χ

209 395 369 439 peram
405 379 646 437 diuisae)¹.
683 388 923 436 praeterea
961 382 1020 423 ad
1071 382 1265 423 eundem
1299 386 1453 435 typum
1503 379 1771 423 referendae
1818 391 1924 424 sunt

210 458 428 514 sphinges
450 458 586 498 sellae
610 456 872 498 Soluntinae
895 455 1073 509 (Perrot
1088 456 1164 512 111,
1190 457 1292 506 426,
1315 453 1775 498 Bruckmann-Arndt
1797 454 1922 510 546).

210 533 507 575 Phoeniciam
560 538 702 573 artem
738 531 836 573 alae
875 543 1057 586 quoque
1108 536 1363 573 monstrant
1402 536 1668 572 recuruatae
1720 531 1923 587 quidem,

209 610 296 651 sed
326 607 564 664 pulchram
594 607 818 649 Graecam
855 606 1045 649 formam
1086 608 1294 649 nondum
1328 606 1524 662 adeptae
1558 611 1695 662 atque
1726 606 1923 661 plerum-
1984 632 1986 634 v

210 698 299 739 que
333 683 582 726 distensae.

359 758 564 814 Grypum
614 756 949 813 sphingumque
997 757 1112 800 colla
1163 757 1312 801 fasciis
1347 759 1419 800 uel
1459 757 1701 801 monilibus
1735 756 1925 812 cingun—

211 842 296 884 tur,
332 835 494 889 quibus
526 834 687 875 similia
721 840 767 874 et
790 833 835 873 in
871 833 1126 887 fragmento
1161 832 1424 887 Phoenicio,
1461 840 1510 876 ut
1543 834 1738 884 uidetur,
1774 831 1925 888 Olym·-

208 909 312 964 piae
348 914 480 949 eruto
501 904 587 965 (lV
606 908 695 951 tab.
716 909 788 962 37,
810 903 937 964 692),
972 913 1018 948 et
1041 907 1087 948 in
1121 907 1258 949 lorica
1293 908 1454 951 Ionica
1476 907 1775 964 pulcherrima
1797 903 1924 965 (ibid.
1959 929 1962 930 ⁷

209 984 299 1026 tab.
320 980 397 1038 58)
418 989 672 1032 occurrunt,
694 995 878 1023 necnon
895 982 940 1022 in
966 982 1185 1023 cantharo
1202 982 1395 1026 Berolin.
1422 985 1538 1026 1541
1560 980 1735 1037 (nostra
1759 983 1849 1025 tab.
1873 979 1925 1033 I),

210 1070 300 1112 qua
350 1069 397 1098 re
432 1064 478 1098 et
511 1057 611 1111 ipsa
655 1069 766 1098 uasa
798 1056 922 1112 nigra
964 1056 1137 1112 scalpta
1187 1070 1289 1099 cum
1324 1057 1498 1113 scypho
1548 1062 1703 1099 nostro
1742 1056 1926 1098 coniun-

211 1138 393 1186 guntur.
444 1132 704 1173 animalium
740 1144 931 1186 corpora
964 1131 1056 1172 fere
1081 1131 1283 1173 omnium
1306 1120 1747 1187 fasciis'cinguntur‚
1772 1131 1925 1186 quales

214 1208 260 1248 in
296 1208 419 1253 uasis
454 1207 592 1261 nigris
638 1206 1036 1261 deprehendimus.
1096 1208 1309 1262 denique
1342 1208 1520 1262 palmae
1570 1220 1925 1249 commemoran-

215 1283 305 1324 dae
342 1288 446 1323 sunt
468 1287 841 1324 ornamentorum
867 1282 968 1323 uice
999 1281 1183 1324 functae
1207 1288 1254 1323 et
1274 1296 1367 1324 una
1399 1288 1507 1338 post
1537 1287 1714 1330 taurum
1735 1278 1926 1338 posita&

215 1370 332 1411 quae
369 1357 541 1399 arboris
576 1356 764 1398 formam
799 1358 1011 1413 seruauit,
1047 1371 1227 1399 necnon
1262 1358 1460 1413 palmula
1495 1357 1744 1399 Phoenicia
1776 1357 1927 1412 sphin-

215 1434 347 1488 gibus
385 1431 664 1487 interposita.

365 1507 564 1550 Omnino
615 1514 807 1564 apparet
852 1507 1069 1562 scyphum
1104 1507 1481 1549 Vetuloniensem
1515 1521 1609 1555 non
1642 1521 1668 1549 a
1697 1507 1927 1549 Phoenice

217 1583 384 1626 factum
418 1595 536 1632 esse,
586 1582 671 1624 sed
710 1596 736 1624 a
769 1582 950 1624 Graeco
992 1582 1037 1623 in
1072 1582 1225 1624 Ionica
1267 1582 1465 1637 quadam
1498 1581 1678 1625 colonia
1707 1595 1927 1625 commer-

217 1658 288 1700 cio
338 1670 439 1698 cum
488 1658 569 1698 illis
621 1657 863 1698 coniuncta
911 1656 1177 1698 habitante:
1233 1669 1370 1711 quam
1420 1657 1646 1698 coloniam
1692 1657 1738 1697 in
1784 1657 1930 1698 Sicilia

217 1731 410 1773 sortasse
466 1730 599 1771 sitam
653 1743 758 1772 esse
810 1730 925 1772 infra
981 1743 1279 1784 exponemus.
1347 1731 1598 1773 dolendum
1653 1737 1806 1774 autem
1861 1737 1930 1773 est

217 1806 341 1848 nulla
387 1806 513 1861 quod
565 1805 707 1847 sciam
742 1811 922 1848 seruata
970 1818 1070 1847 esse
1104 1818 1242 1861 opera
1276 1819 1435 1862 aenea,
1490 1819 1610 1862 quae
1651 1806 1801 1848 eidem
1833 1805 1930 1848 offi-

219 1883 350 1924 cinae
384 1882 580 1923 tribuere
610 1881 755 1925 liceat.
806 1894 912 1922 nam
946 1886 994 1922 et
1027 1881 1084 1922 ab
1120 1894 1223 1924 arca
1255 1894 1402 1924 aenea
1442 1882 1488 1923 in
1519 1882 1687 1924 eodem
1722 1882 1929 1938 sepulcro

217 1958 538 2001 Vetuloniensi
589 1964 769 2013 reperta
820 1956 946 2010 (Not.
995 1958 1039 2002 d.
1094 1958 1165 2001 Sc.
1219 1959 1336 2002 1887
1384 1959 1475 2010 tab.
1530 1956 1607 2014 18)
1660 1965 1705 2000 et
1756 1972 1783 2000 a
1817 1958 1929 2000 cista

217 2034 518 2076 Praenestina
550 2038 596 2074 et
629 2032 842 2087 operibus
879 2046 981 2074 cum
1015 2046 1071 2075 ea
1105 2032 1453 2087 coniungendis,
1493 2046 1612 2089 quae
1661 2046 1794 2088 supra
1828 2033 1929 2074 teti-

215 2110 372 2164 gimus,
427 2108 618 2164 scyphus
671 2108 990 2162 discrepantiis
1024 2108 1134 2150 satis
1184 2108 1396 2162 grauibus
1446 2108 1675 2162 diuiditur,
1725 2108 1930 2163 quamuis

215 2185 341 2227 haud
363 2197 511 2239 pauca
546 2183 749 2237 utrisque
776 2183 1037 2224 communia
1068 2183 1170 2224 sint.
1203 2190 1343 2238 atque
1377 2183 1499 2226 idem
1533 2184 1592 2225 de
1615 2183 1714 2225 ouis
1749 2183 1929 2239 scalptis

215 2260 337 2301 ualet
390 2257 820 2300 struthiocamelinis
871 2263 1083 2313 quattuor
1135 2258 1180 2299 in
1208 2252 1423 2314 ‘sepulcro
1478 2258 1789 2314 antiquissimo
1823 2257 1931 2300 Vul-

216 2334 338 2375 centi
372 2334 499 2388 quod
522 2332 784 2375 Polledrara
815 2333 980 2374 dicitur
1013 2328 1150 2388 (saecss
1189 2333 1288 2374 V11.
1324 2333 1414 2388 ex.)
1449 2333 1636 2389 repertis
1660 2332 1841 2388 (Perrot
1863 2332 1930 2375 111

217 2409 307 2453 856
344 2406 462 2465 sqq.)
480 2405 512 2464 3,
569 2421 750 2451 necnon
800 2409 859 2450 de
911 2408 1032 2451 cistis
1081 2409 1293 2451 eburneis
1329 2408 1522 2452 Clusinis
1572 2409 1748 2455 duabus
1783 2404 1929 2465 (Mon.

365 2579 380 2607 1
406 2587 551 2618 cratera
577 2594 654 2619 una
679 2582 850 2618 omnium
871 2592 1014 2631 grypes
1035 2593 1190 2630 quoque
1210 2582 1390 2617 uestibus
1412 2581 1574 2619 indutos
1597 2580 1772 2630 exhibet3
1802 2581 1929 2618 eidem

217 2649 398 2686 officinae
438 2649 650 2685 tribuenda
677 2655 735 2685 est
776 2653 896 2685 crates
933 2648 1148 2685 Caeretana
1191 2649 1309 2694 (Mus.
1339 2648 1456 2694 Greg.
1486 2648 1507 2683 I
1538 2646 1604 2697 16)
1648 2653 1807 2696 propter
1847 2648 1930 2696 pal—

216 2714 338 2750 mulas
367 2715 616 2759 Phoenicias,
660 2715 801 2762 quibus
832 2719 980 2751 cratera
1019 2726 1175 2762 quoque
1200 2726 1286 2750 cum
1317 2714 1435 2750 situla
1463 2713 1714 2750 Praenestina
1742 2719 1824 2751 tota
1849 2720 1930 2751 arte

215 2780 411 2816 simillima
441 2781 707 2826 coniungitur:
751 2792 914 2828 quarum
956 2785 1120 2828 utraque
1160 2780 1253 2815 satis
1283 2784 1389 2817 arcta
1419 2779 1604 2815 affinitate
1634 2791 1720 2816 cum
1750 2780 1845 2816 cista
1873 2791 1930 2815 ar-

215 2851 356 2892 gentea
396 2846 651 2883 Praenestina
697 2847 823 2891 (Mon.
867 2847 969 2882 VIII
1004 2845 1076 2884 26:
1119 2845 1382 2882 Schumacher
1403 2847 1554 2883 ⁴Praen.
1596 2844 1707 2881 Ciste
1736 2843 1788 2883 38
1830 2846 1929 2893 sqq.)

215 2912 444 2949 conectitur.
473 2913 664 2948 accedunt
694 2912 912 2958 fragmenta
942 2912 1112 2948 eburnea
1139 2912 1426 2960 Archaeologia
1452 2911 1503 2950 41
1534 2912 1613 2949 tab.
1642 2911 1679 2950 8.

362 2975 380 3002 2
409 2978 456 3015 cf.
487 2978 644 3015 uascula
671 2978 905 3015 animalibus
937 2978 1161 3026 anaglyptis
1191 2979 1328 3014 uitreis
1356 2982 1505 3022 ornata,
1536 2990 1632 3025 quae
1651 2977 1792 3014 iniuria
1810 2976 1930 3022 uulgo

215 3042 480 3079 Phoenicibus
511 3043 733 3080 tribuuntur
761 3042 818 3093 (ut
848 3044 953 3096 Mus.
969 3043 1114 3092 Napol.
1135 3042 1204 3092 49)
1233 3055 1413 3092 quaeque
1433 3049 1472 3079 et
1490 3043 1575 3091 ipsa
1601 3043 1753 3079 litteras
1772 3045 1932 3091 Aegyp-

214 3110 289 3145 tias
316 3110 510 3151 interdum
539 3111 740 3157 praebent.

374 3172 391 3201 3
419 3178 606 3224 quintum,
635 3179 675 3214 in
705 3191 785 3225 quo
815 3178 1000 3225 sphinges
1032 3179 1240 3213 admodum
1271 3178 1358 3213 rudi
1387 3182 1466 3213 arte
1488 3177 1629 3224 pictae,
1658 3188 1738 3211 non
1760 3176 1931 3223 scalptae

215 3248 317 3291 sunt,
345 3243 536 3278 Etruscae
566 3243 728 3288 originis
757 3254 843 3278 esse
874 3253 1030 3280 censet).
1061 3243 1110 3280 cs.
1140 3254 1179 3289 p.
1209 3241 1273 3279 43.
