2168 3573
999 252 1048 259 ..
1082 230 1135 270 38
1172 251 1222 259 —
1851 199 1946 301 N

257 372 304 406 et
343 363 642 418 quadrupede
670 361 853 404 bernice
885 360 1002 404 illitis
1035 361 1180 417 magis
1214 373 1348 416 quam
1395 362 1524 417 pictis
1574 362 1970 416 interrumpuntur,
2027 376 2030 377 ⁷

256 452 418 493 corpus
469 444 662 493 excepta
705 436 858 479 infima
908 443 1036 491 parte
1088 448 1238 479 uacua
1288 437 1465 493 relicta‚·
1504 436 1686 478 bernice
1733 436 1969 478 inductum

255 519 339 563 est,
373 514 419 555 in
456 526 544 567 qua
579 513 792 554 animalia
827 513 912 554 tria
944 525 1113 568 magna
1147 519 1285 568 atque
1309 512 1557 554 admodum
1591 511 1729 565 longa
1765 511 1969 553 dextror-

260 602 360 631 sum
395 602 527 631 uersa
560 593 828 633 cernuntur:
882 588 925 630 in
961 594 1091 643 parte
1126 588 1277 631 antica
1321 589 1394 630 leo
1428 587 1649 637 immanis,
1699 585 1966 629 cuiusriuba

258 664 362 706 alba
396 665 457 706 ad
492 663 687 706 caudam
726 676 869 719 usque
904 664 1124 719 procedit,
1184 677 1345 719 corpus
1379 663 1560 705 alternis
1594 663 1763 717 campis
1812 661 1964 704 album

258 740 439 780 rubrum
487 739 663 792 nigrum
698 745 783 789 est,
821 740 967 794 pedes
1002 740 1185 782 alternis
1218 739 1336 780 rubri
1368 745 1416 780 et
1450 738 1559 780 albi:
1602 737 1804 796 faucibus
1838 749 1969 779 crura

258 813 458 856 humana
509 813 611 855 alba
647 819 788 858 tenet.
841 815 925 857 sub
965 815 1102 856 altera
1150 827 1260 856 ansa
1293 813 1445 869 aquila
1497 814 1642 855 dextr.
1699 812 1860 854 uolans
1892 823 1968 852 ex-

258 901 418 945 pressa
454 895 537 945 est,
588 889 633 930 in
665 895 793 944 parte
829 890 1008 945 postica
1058 902 1217 931 ceruus
1258 902 1447 944 magnus
1480 900 1686 943 pascens,
1737 886 1863 929 cuius
1896 900 1970 929 ex·

254 972 384 1007 terna
442 979 571 1007 crura
601 965 719 1020 alba,
753 965 931 1007 interna
965 966 1099 1008 rubra
1133 970 1249 1008 sunt.
1285 963 1492 1006 animalia
1515 963 1664 1006 omnia
1698 967 1794 1005 arte
1825 961 1972 1004 minus

254 1041 477 1082 adcurata
537 1053 756 1095 expressa
813 1048 932 1097 sunt,
986 1054 1135 1096 neque
1188 1047 1339 1083 tamen
1395 1041 1452 1082 ab
1507 1039 1650 1082 urceis
1704 1038 1969 1095 amphoram

258 1114 500 1169 seiungere
534 1114 653 1158 licet.

405 1189 445 1231 4.
480 1188 686 1241 lecythus
711 1188 858 1230 Berol.
897 1189 1015 1232 1187
1053 1187 1226 1241 (nostra
1260 1189 1357 1230 tab.
1392 1187 1435 1229 11
1466 1187 1512 1241 1)
1549 1187 1718 1233 formae
1752 1193 1969 1242 protoco-

253 1263 461 1311 rinthiae‚
516 1263 643 1305 cuius
678 1263 891 1306 humerus
926 1270 970 1306 et
1019 1264 1156 1305 imum
1209 1276 1371 1318 corpus
1421 1262 1591 1305 bacillis
1646 1268 1809 1304 ornata
1862 1268 1967 1304 sunt

261 1337 451 1379 rudibus
486 1337 669 1380 bernice
702 1338 848 1393 pictis,
897 1343 1058 1380 uenter
1091 1338 1231 1379 fascia
1263 1328 1454 1380 bernicis
1489 1338 1590 1388 lata,
1636 1337 1682 1378 in
1717 1351 1807 1393 qua
1840 1337 1994 1379 lineis>

261 1414 445 1468 scalptis
468 1414 694 1468 panthera
717 1427 931 1468 expressa
955 1420 1025 1455 est
1048 1415 1239 1464 leonem,
1273 1413 1348 1467 qui
1382 1427 1508 1455 crura
1530 1413 1728 1456 humana
1762 1413 1967 1467 denotat,

258 1489 480 1544 adgressa
515 1494 563 1530 et
592 1489 663 1530 leo
698 1488 902 1531 faucibus
937 1488 1084 1531 cibum
1116 1489 1350 1544 quoddam
1384 1494 1547 1531 tenens
1562 1484 1593 1531 ¹.

410 1565 452 1608 5.
505 1564 709 1619 lecythus
742 1563 1105 1609 Mannhemiens.
1162 1563 1230 1619 Cg
1273 1565 1344 1617 27,
1381 1565 1587 1606 eiusdem
1623 1565 1795 1607 formae
1829 1570 1968 1619 atque

260 1639 429 1681 eadem
463 1651 646 1694 prorsus
680 1639 858 1682 ratione
895 1646 1067 1694 ornata,
1101 1640 1146 1680 in
1180 1653 1267 1694 qua
1296 1640 1452 1682 leones
1486 1640 1594 1691 duo,
1630 1653 1821 1694 quorum
1856 1640 1970 1681 alter

261 1715 462 1769 linguam
496 1714 671 1769 proicit,
705 1720 750 1756 et
782 1720 935 1758 taurus
969 1715 1131 1757 sinistr.
1175 1715 1383 1757 conuersi
1414 1721 1622 1758 exstant:
1676 1728 1806 1757 crura
1837 1714 1968 1757 alter-

256 1789 324 1831 nis
358 1790 493 1831 rubra
526 1796 572 1831 et
605 1789 735 1844 nigra
769 1796 887 1834 sunt.

405 1866 446 1908 6.
471 1864 677 1920 lecythus
702 1864 898 1920 Dorpati
922 1865 1181 1918 adseruata‚
1207 1865 1370 1908 ceteris
1394 1865 1571 1909 duabus
1595 1877 1778 1920 prorsus
1797 1865 1963 1920 similis,

256 1940 316 1980 de
351 1951 439 1994 qua
474 1939 814 1981 Loeschckeius
849 1940 1088 1982 certiorem
1121 1953 1193 1981 me
1231 1940 1351 1983 fecit.

402 2015 589 2070 Lecythi
623 2016 830 2071 quamuis
881 2016 1090 2058 animalia
1129 2015 1376 2056 exhibeant
1426 2016 1482 2057 ab
1516 2028 1752 2064 urceorum
1797 2021 1843 2057 et
1876 2029 1966 2058 am-

251 2091 423 2145 phorae
459 2091 729 2134 animalibus
769 2092 880 2134 satis
912 2091 1109 2141 diuersa,
1144 2096 1296 2133 tamen
1329 2090 1445 2132 haec
1484 2103 1584 2132 cum
1617 2090 1699 2132 illis
1735 2089 1964 2140 coniunxi,

253 2165 469 2221 quoniam
502 2165 662 2220 figulos
698 2166 814 2216 illos,
849 2167 927 2221 qui
951 2172 1044 2207 tam
1079 2167 1295 2208 adcurate
1325 2178 1437 2208 uasa
1470 2165 1641 2220 fingere
1674 2172 1813 2222 atque
1836 2180 1967 2209 orna-

255 2240 418 2283 mentis
454 2241 675 2283 decorare
710 2241 891 2298 scirent,
939 2241 1158 2296 figuras
1194 2246 1316 2283 certa
1349 2246 1445 2283 arte
1479 2241 1728 2297 exprimere
1761 2241 1966 2283 nondum

252 2316 469 2356 didicisse
516 2329 618 2357 cum
651 2316 758 2371 ipsis
793 2317 1078 2365 animalibus,
1127 2323 1222 2357 tum
1257 2316 1512 2366 ‚,Hercule“
1564 2317 1640 2358 illo
1671 2317 1791 2359 urcei
1827 2316 1964 2359 Bero-

250 2391 436 2433 linensis
490 2392 811 2449 comprobatur
824 2390 854 2434 ².
921 2392 1103 2433 accedit
1154 2392 1281 2445 quod
1314 2397 1431 2446 ‘typo
1473 2405 1581 2446 prae
1625 2391 1785 2434 ceteris
1837 2391 1967 2446 graui

405 2498 421 2525 1
454 2512 565 2537 crura
591 2500 753 2537 alternis
783 2502 897 2538 rubra
927 2506 965 2538 et
984 2502 1094 2548 nigra
1121 2512 1205 2538 esse
1226 2501 1370 2540 solent:
1402 2502 1497 2538 armi
1525 2503 1629 2551 spira
1659 2502 1829 2552 indicati,
1849 2503 1966 2540 iubae

251 2579 331 2604 non
359 2579 519 2616 prorsus
556 2567 605 2603 ad
645 2568 808 2604 caudam
845 2573 1066 2616 protensae,
1095 2568 1136 2603 in
1172 2579 1307 2616 campo
1347 2574 1570 2605 ornamenta
1606 2569 1796 2615 triangula
1833 2569 1968 2607 addita

255 2639 358 2672 sunt.
390 2634 499 2670 color
527 2634 642 2670 albus
673 2634 793 2672 deest.

398 2697 416 2724 2
444 2706 617 2736 monstra
648 2700 844 2736 simillima
886 2707 968 2737 arte
1011 2700 1266 2746 conformata,
1310 2702 1380 2736 sed
1419 2702 1574 2737 bernice
1609 2702 1649 2737 in
1678 2701 1818 2748 argilla
1844 2702 1963 2749 picta,

249 2767 368 2802 lineis
391 2766 547 2813 scalptis
577 2766 757 2814 plurimis
788 2767 947 2810 additis,
977 2766 1170 2803 alabastra
1199 2766 1389 2803 exhibent
1416 2767 1615 2811 nonnulla,
1650 2767 1758 2804 uelut
1784 2767 1963 2806 Florent.

248 2833 360 2869 Vetr.
389 2832 453 2867 III
482 2830 585 2869 1735
617 2830 860 2880 (sphinges),
884 2831 986 2870 1736
1017 2830 1170 2880 (siren),
1200 2830 1303 2869 1742
1331 2831 1532 2879 (panthera
1551 2833 1678 2877 alata),
1708 2833 1866 2870 Monac.
1886 2832 1966 2870 952

251 2897 318 2947 (=
333 2899 471 2936 Micali
499 2899 626 2936 storia
655 2898 765 2943 74‚5:
808 2900 898 2937 ibex
928 2897 1084 2946 alatus),
1128 2899 1280 2936 Monac.
1324 2911 1483 2936 numero
1523 2910 1658 2936 carens
1701 2897 1800 2947 (auis
1831 2898 1962 2947 grypis

249 2966 375 3013 capite
403 2965 641 3014 praeditus):
671 2966 833 3013 denique
862 2965 1124 3010 subiungendi
1155 2971 1244 3000 sunt
1265 2966 1366 3001 urcei
1395 2967 1473 3002 duo
1504 2966 1678 3002 eiusdem
1710 2966 1866 3008 formae,
1894 2967 1964 3001 sed

252 3035 332 3068 arte
361 3031 482 3078 longe
512 3031 671 3068 rudiore
700 3032 791 3082 ficti,
823 3031 1047 3068 animalium
1078 3031 1189 3067 zonis
1221 3030 1385 3077 singulis
1416 3031 1454 3066 in
1475 3031 1630 3068 bernice
1658 3030 1829 3096 scalptis,
1858 3030 1964 3067 binis

248 3097 408 3134 bernice
436 3098 477 3133 in
503 3098 640 3145 argilla
668 3098 796 3146 pictiS‚
826 3098 1031 3134 coloribus
1073 3109 1153 3134 non
1181 3098 1380 3141 adhibitis,
1412 3099 1550 3136 cincti:
1590 3098 1754 3135 Parisin.
1784 3097 1896 3145 (Cab.
1925 3098 1965 3136 d.

247 3163 357 3201 Med.
386 3163 542 3201 Milliet-
547 3164 752 3201 Giraudon
784 3163 850 3214 17)
879 3168 918 3200 et
946 3165 1100 3200 Monac.
1130 3162 1226 3201 963:
1272 3175 1371 3212 quos
1414 3176 1494 3200 non
1524 3164 1647 3201 eidem
1683 3169 1801 3212 atque
1830 3168 1965 3200 nostra

249 3241 344 3265 uasa
373 3230 553 3267 officinae
581 3232 813 3268 tribuendos
844 3243 931 3268 esse
958 3243 1112 3267 censeo.
