2168 3573
978 235 1030 242 -
1064 213 1115 253 28
1153 235 1202 242 —
1712 196 1761 256 *κ

236 360 377 400 parua
408 347 606 402 quidem,
644 347 725 388 sed
765 345 1031 402 grauissima
1055 345 1192 388 series
1226 351 1405 388 seruata
1428 341 1560 389 estl:
1596 346 1804 402 exempla
1827 359 1944 402 quae

237 421 424 475 quidem
460 421 676 471 nouerim,
712 434 998 475 proponam:

384 496 421 539 Ι.
455 495 567 551 pithi
601 495 664 537 eis
699 495 774 551 qui
815 495 982 537 formas
1007 495 1286 551 cylindratas
1323 494 1549 551 praebent
1586 494 1808 546 simillimi,
1862 494 1948 537 nisi

236 572 361 624 quod
411 571 526 612 collo
561 570 845 626 breuissimo‚
880 570 951 612 cui
987 571 1251 626 operculum
1302 570 1421 612 ansis
1473 556 1718 612 coronariis
1754 570 1947 612 instruc-

236 651 331 686 tum
381 644 637 700 imponitur,
697 644 910 699 ansisque
970 645 1110 687 tribus
1169 644 1316 701 duplis
1372 644 1416 686 in
1470 644 1658 687 humero
1715 644 1945 701 dispositis

234 720 429 774 praediti
467 726 571 761 sunt
605 717 751 776 (catal.
787 719 965 775 Petrop.
1019 720 1162 762 forma
1198 718 1333 775 247):
1382 720 1589 777 exempla
1624 720 1857 776 complura
1891 733 1947 762 ex

235 807 394 835 museo
429 792 727 848 Campanano
764 793 956 836 Parisios
1009 795 1080 837 uel
1117 794 1396 851 Petropolim
1449 795 1605 837 delata
1644 801 1763 850 sunt,
1814 808 1946 838 orna-

234 869 395 910 mentis
430 870 579 910 colore
613 868 717 910 albo
768 869 814 910 in
850 869 1006 924 argilla
1039 870 1173 911 rubra
1205 869 1404 924 expolita
1453 868 1608 925 pictis:
1665 883 1786 925 quae
1821 883 1942 913 nunc

235 944 279 984 in
315 944 542 985 nonnullis
586 950 832 986 cernuntur
865 945 1228 987 indumenta'eis
1263 945 1337 1000 qui
1373 958 1482 987 uasa
1515 945 1657 987 fracta
1689 944 1945 987 refecerunt

240 1019 488 1061 debentur:

388 1096 428 1137 1.
476 1094 657 1149 Petrop.
712 1095 797 1138 14:
851 1108 907 1136 ex
956 1101 1148 1149 utraque
1199 1101 1326 1150 parte
1373 1094 1450 1136 loti
1485 1095 1580 1145 flos,
1624 1095 1686 1137 eis
1735 1107 1853 1149 quae
1902 1095 1948 1136 in

237 1168 356 1211 uasis
392 1169 529 1223 nigris
555 1169 737 1224 scalptis
771 1175 950 1211 exstant
975 1169 1228 1226 simillimus,
1260 1170 1376 1211 inter
1409 1170 1564 1211 leones
1599 1170 1717 1212 duos
1750 1169 1948 1224 linguam

234 1243 510 1298 proicientes
546 1243 786 1299 expressus
820 1250 904 1287 est.

389 1320 429 1363 2.
468 1321 509 1362 3.
546 1319 727 1376 Petrop.
768 1321 837 1362 16.
877 1320 992 1363 156:
1043 1319 1167 1361 zonis
1199 1318 1314 1360 binis
1349 1318 1602 1375 cinguntur,
1651 1333 1840 1375 quarum
1874 1334 1949 1363 su-

235 1395 387 1449 perior
439 1395 644 1437 leonibus
682 1401 728 1436 et
779 1394 988 1452 piscibus,
1044 1393 1225 1436 inferior
1271 1391 1496 1450 piscibus2
1546 1400 1744 1445 constat,
1795 1395 1942 1439 dextr.

237 1470 484 1512 conuersis.

386 1546 428 1588 4.
467 1543 564 1590 Cat.
601 1543 837 1600 Campana
886 1543 1028 1587 171:
1084 1556 1147 1587 nr.
1183 1544 1223 1587 2.
1274 1545 1300 1587 3
1352 1542 1637 1598 simillimum,
1688 1542 1774 1585 nisi
1823 1543 1949 1600 quod

239 1622 378 1677 ansis,
430 1627 548 1662 teste
588 1619 917 1670 Loeschckei'o‚
966 1619 1181 1675 sphinges
1226 1620 1424 1662 uestibus
1471 1619 1656 1661 indutae
1707 1618 1781 1672 (cf.
1813 1632 1949 1674 supra

236 1709 280 1750 p.
324 1695 399 1750 19)
439 1695 735 1751 interpositae
771 1701 887 1739 sunt.

386 1773 524 1814 5-7,
574 1771 755 1826 Petrop.
792 1771 866 1826 88,
923 1771 1023 1826 126,
1082 1771 1168 1812 127
1205 1770 1423 1824 operculis
1470 1769 1691 1811 instructa
1724 1776 1770 1812 et
1816 1783 1947 1812 orna-

234 1853 493 1889 mentorum
550 1846 931 1901 geometricorum
993 1845 1117 1887 zonis
1168 1845 1347 1895 decem,
1404 1845 1663 1900 duodecim,
1734 1845 1948 1888 undecim

241 1923 473 1967 decorata.

387 2001 428 2042 8.
465 2001 506 2041 9.
558 1999 656 2041 Cat.
699 1997 934 2053 Campana
970 1998 988 2038 1
1023 1999 1097 2048 69,
1135 1999 1213 2042 70:
1264 1997 1341 2039 loti
1374 1998 1533 2040 florum
1566 2004 1614 2040 et
1650 1997 1945 2054 palmularum

234 2080 372 2129 atque
409 2075 682 2130 angulorum
714 2079 953 2116 acutorum
985 2086 1142 2117 zonae.

391 2153 458 2193 10.
496 2151 765 2205 operculum
792 2149 988 2192 Vindob.
1026 2151 1112 2191 146
1148 2149 1293 2193 Masn.
1331 2150 1451 2191 ansis
1475 2150 1723 2192 coronariis
1757 2150 1943 2191 instruc-

237 2232 330 2267 tum
366 2232 412 2267 et
446 2224 724 2267 ornamentis
758 2223 1045 2278 geometricis
1082 2223 1362 2268 decoratum.

385 2301 439 2343 11.
490 2302 631 2342 altera
690 2299 834 2341 forma
890 2299 993 2340 huic
1047 2299 1130 2340 arti
1183 2299 1421 2354 peculiaris
1480 2305 1654 2341 cratera
1708 2305 1779 2341 est
1824 2299 1945 2340 ansis

238 2375 419 2418 duabus
454 2381 502 2417 et
538 2375 752 2431 operculo
804 2373 1039 2416 coronario
1073 2374 1304 2425 instructa,
1361 2373 1431 2416 uel
1483 2386 1575 2416 uno
1624 2374 1745 2431 pede
1795 2368 1880 2433 (nr.
1920 2376 1940 2418 1
2018 2372 2021 2373 ⁷

237 2458 285 2493 et
321 2453 378 2495 6:
414 2452 547 2493 catal.
585 2450 766 2505 Petrop.
804 2450 947 2491 forma
983 2446 1105 2505 162),
1142 2450 1213 2490 uel
1250 2450 1388 2492 tribus
1424 2457 1696 2505 quattuorue
1736 2451 1859 2493 nisa:

388 2527 426 2570 1.
463 2525 645 2581 Petrop.
680 2526 769 2568 66:
807 2524 856 2569 A.
892 2524 970 2567 loti
1006 2524 1087 2567 flos
1122 2525 1247 2581 equis
1282 2526 1425 2584 alatis,
1476 2526 1525 2570 B.
1561 2526 1641 2568 alis
1687 2525 1946 2569 carentibus

233 2602 415 2642 duobus
451 2600 768 2656 interpositus:
806 2600 938 2641 flores
973 2600 1105 2642 rosae
1140 2601 1267 2655 cycni
1305 2613 1439 2655 supra
1479 2600 1599 2643 ansis
1633 2600 1807 2644 addita.

390 2678 430 2720 2.
469 2677 585 2720 Mus.
621 2676 813 2730 Gregor.
848 2676 889 2718 Π
927 2676 1039 2719 100:
1075 2676 1232 2718 leones
1264 2682 1372 2719 'octo
1407 2677 1628 2721 dextrors.
1666 2677 1887 2720 conuersi.

384 2753 426 2795 3.
464 2750 582 2793 Mus.
618 2749 845 2793 Kircher.:
891 2749 1068 2792 eisdem
1100 2750 1305 2793 leonibus
1339 2757 1548 2794 ornatum
1562 2762 1576 2795 ε·
1622 2752 1749 2807 quod
1799 2764 1952 2794 exem-

232 2826 356 2880 plum
393 2825 728 2868 Loeschckeius
760 2825 867 2866 mihi
900 2825 1132 2869 indicauit.

384 2905 423 2945 4.
461 2901 561 2947 Cat.
599 2901 836 2957 Campana
867 2900 887 2942 Ι
923 2901 1009 2943 81:
1045 2914 1190 2956 equus
1222 2915 1351 2957 gryps
1385 2914 1508 2945 aues.

384 2980 426 3021 5.
484 2979 736 3021 Parisinum
782 2974 912 3033 (GaZ.
960 2978 1079 3020 arch.
1116 2974 1286 3034 1881s2
1333 2978 1424 3021 tab.
1476 2973 1630 3034 28s9):
1691 2978 1953 3032 operculum

381 3136 396 3163 ¹
426 3151 525 3175 unus
555 3138 680 3174 adhuc
710 3138 808 3174 haec
830 3149 924 3174 uasa
943 3137 1070 3183 tetigit
1091 3136 1394 3186 Loeschckeius,
1417 3137 1566 3173 Boreas
1596 3148 1633 3174 u.
1655 3135 1801 3174 Oreith.
1832 3136 1855 3175 7
1875 3133 1937 3167 1⁸)-

381 3201 398 3229 2
427 3204 476 3242 cf.
510 3216 604 3241 uasa
635 3204 746 3251 nigra
775 3209 814 3240 et
841 3204 942 3252 picta
970 3204 1223 3239 Etruscorum
1251 3202 1521 3251 antiquissima
1542 3214 1660 3251 supra
1684 3215 1722 3251 p.
1751 3201 1789 3241 4.
