2168 3573
965 214 1201 253 ...8-
1719 230 1723 233 -
1855 216 1897 270 χ

224 360 361 402 noua,
395 345 663 401 quibuscum
700 344 745 386 in
779 343 954 386 eisdem
984 340 1200 397 sepulcris
1236 353 1375 397 saepe
1409 342 1652 386 coniuncta
1684 348 1802 394 sunt,
1835 342 1931 385 imi-

224 421 380 463 tantia.
930 470 932 473 ·
1662 467 1668 473 ⁸
1784 458 1787 460 .

374 496 445 537 De
478 496 544 537 his
593 496 724 548 igitur
756 493 873 535 uasis
922 499 973 553 ut
1020 493 1111 534 iam
1160 506 1362 547 agamus,
1408 495 1465 534 ab
1499 493 1715 547 exemplis
1748 494 1929 535 duobus

226 569 567 626 procedendum
603 574 672 610 est
704 580 887 623 prorsus
923 566 1236 622 singularibus,
1294 567 1340 610 in
1373 566 1581 622 sepulcro
1615 566 1930 622 antiquissimo

226 645 354 686 ducis
378 643 716 685 Vetuloniensis
741 643 880 684 erutis
915 641 1039 697 (Not.
1072 643 1116 686 d.
1154 643 1226 685 Sc.
1266 644 1380 683 1887
1407 642 1498 684 tab.
1539 638 1627 697 16),
1665 641 1931 683 cantharum

226 720 330 761 dico
399 725 445 761 et
511 717 717 773 cyathum
779 718 901 772 pede
960 718 1063 759 coni
1121 717 1250 759 simili
1304 717 1535 773 anuloque
1588 729 1690 758 cum
1743 728 1931 772 corpore
1995 755 1997 757 .

226 794 467 837 coniuncto
512 793 669 844 nisum,
704 805 910 849 ausaque
945 793 1032 834 alta
1067 798 1114 834 et
1149 798 1343 835 uenuste
1377 792 1930 844 recuruatavinstructum,

224 882 341 923 quae
391 882 502 911 ansa
553 870 614 911 ad
670 869 926 924 exemplum
990 868 1185 910 laminae
1237 881 1413 910 aeneae
1463 867 1746 910 conformata
1794 863 1930 912 est'1:

224 958 357 999 quam
392 944 594 995 formam,
629 945 735 986 artis
770 945 987 986 Etruscae
1021 943 1281 986 recentioris
1314 944 1556 999 propriam,
1592 943 1931 1002 antiquissimae

224 1032 326 1060 esse
376 1019 558 1073 originis
595 1019 766 1074 cyathis
822 1019 1040 1074 probatur
1087 1020 1192 1061 aeui
1227 1018 1466 1074 Mycenaei
1515 1019 1560 1060 in
1595 1018 1742 1060 Sicilia
1794 1019 1931 1061 erutis

223 1089 407 1149 (Annali
442 1094 560 1137 1877
596 1094 648 1149 E,
682 1094 809 1138 Mon.
845 1100 935 1136 ant.
967 1094 1027 1145 ΙΙ,
1061 1095 1153 1137 tab.
1193 1090 1235 1149 1)
1287 1100 1333 1135 et
1368 1093 1477 1148 ipsis
1510 1093 1664 1147 nigris,
1712 1106 1737 1134 e
1769 1093 1931 1149 quibus

222 1174 376 1209 noster
399 1174 557 1223 aperte
580 1170 767 1223 pendet.
794 1174 933 1223 atque
968 1168 1173 1210 canthari
1209 1181 1390 1223 quoque
1415 1167 1755 1209 Vetuloniensis
1786 1167 1932 1209 forma

222 1243 458 1297 singularis
493 1250 579 1297 est,
629 1258 732 1286 cum
786 1256 927 1286 ansae
968 1244 1031 1286 ita
1065 1243 1376 1290 conformatae
1414 1243 1515 1294 sint,
1566 1251 1615 1285 ut
1648 1256 1703 1284 ex
1756 1242 1930 1286 laminis

222 1317 376 1358 aeneis
412 1318 624 1359 tenuibus
650 1324 694 1360 et
727 1318 899 1359 bacillis
933 1318 1015 1359 illis
1049 1318 1193 1359 infixis
1230 1323 1438 1359 constare
1456 1314 1730 1359 uideantur:
1766 1317 1930 1372 quibus

221 1392 386 1433 similes
437 1406 573 1434 ansas
609 1407 712 1438 cum
757 1393 974 1447 amphora
1024 1393 1339 1447 antiquissima
1373 1391 1570 1445 Clusina,
1616 1393 1781 1442 colore>
1803 1392 1930 1434 fusco

220 1479 314 1507 non
346 1467 528 1509 lucente
561 1467 686 1523 picta
705 1465 736 1523 2,
784 1474 879 1509 tum
921 1467 1164 1509 cantharus
1198 1469 1387 1522 praebet
1420 1480 1447 1509 a
1479 1467 1663 1509 Micalio
1698 1464 1838 1522 (Mon.
1873 1467 1931 1511 in.

222 1539 348 1596 3l,7)
384 1542 549 1595 editus,
577 1543 653 1596 qui
678 1543 911 1598 triangulis
935 1542 1120 1598 scalptis
1157 1549 1201 1584 et
1223 1543 1493 1584 animalibus
1518 1542 1671 1584 formis
1704 1541 1930 1597 impressis

223 1623 422 1661 ornatur.
477 1617 657 1659 accedit
708 1617 952 1659 cantharus
1008 1616 1346 1672 antiquissimus
1400 1617 1447 1659 in
1500 1617 1668 1658 eodem
1723 1617 1930 1671 sepulcro

222 1692 537 1735 Vetuloniensi
558 1698 766 1748 repertus
790 1692 918 1746 (Not.
955 1693 999 1734 d.
1024 1691 1094 1734 Sc.
1132 1694 1250 1736 1887
1287 1693 1380 1736 tab.
1420 1688 1559 1749 15‚1),
1594 1706 1619 1733 e
1641 1674 1758 1735 terra
1791 1692 1931 1734 mixta

220 1768 471 1808 admodum
505 1767 606 1809 rudi
640 1767 785 1817 fictus,
836 1767 913 1822 qui
949 1767 1137 1809 similem
1183 1767 1384 1822 quidem,
1434 1779 1587 1821 neque
1638 1772 1791 1809 tamen
1827 1779 1929 1809 cum

223 1848 378 1884 nostro
413 1855 596 1896 prorsus
632 1847 962 1896 congruentem
996 1854 1209 1884 ansarum
1244 1842 1435 1885 formam
1466 1841 1662 1886 exhibet.

368 1916 491 1958 Vasa
532 1923 690 1960 nostra
725 1931 825 1960 cum
864 1931 918 1959 ex
955 1920 1120 1960 eadem
1167 1918 1324 1973 argilla
1360 1919 1588 1961 leuissima
1635 1925 1773 1975 atque
1825 1920 1930 1961 sub-

219 1992 420 2034 tilissima
461 1993 563 2034 ficta
598 2008 655 2035 ex
688 1994 906 2036 interiore
958 2000 1087 2049 parte
1138 1995 1313 2037 eisdem
1348 1995 1441 2036 fere
1475 1995 1625 2050 figuris
1676 1995 1928 2051 anaglyptis

220 2072 359 2121 atque
387 2067 514 2119 lineis
548 2068 859 2111 minutissimis
893 2066 1108 2124 scalptis3
1159 2076 1321 2112 ornata
1355 2070 1457 2120 sint,
1504 2070 1655 2111 eidem
1686 2076 1929 2125 utrumque

218 2141 355 2195 figulo
389 2142 676 2185 tribuendum
725 2156 827 2186 esse
860 2156 1043 2186 cense0.
1091 2145 1290 2186 medium
1325 2145 1474 2186 locum
1507 2145 1553 2186 in
1587 2142 1780 2201 utroque
1829 2150 1929 2187 rota

220 2222 432 2270 quattuor
459 2218 687 2260 radiorum
711 2226 920 2274 occupat,
947 2219 1065 2261 circa
1089 2233 1224 2274 quam
1250 2220 1404 2262 leones
1427 2220 1530 2263 alati
1555 2226 1643 2262 tres
1677 2220 1740 2263 ita
1774 2220 1930 2275 dispo-

222 2290 293 2331 siti
328 2297 445 2341 sunt,
484 2298 533 2333 ut
568 2293 662 2334 duo
687 2293 804 2335 inter
840 2307 889 2335 se
925 2295 1132 2336 conuersi
1157 2296 1301 2349 pedes
1335 2295 1505 2349 priores
1528 2295 1733 2350 iungant,
1769 2294 1928 2336 tertius

219 2365 399 2408 alterius
433 2366 605 2408 illorum
640 2369 835 2410 caudam
870 2369 1072 2412 faucibus
1106 2376 1276 2421 teneat,
1323 2384 1424 2412 cum
1457 2371 1638 2413 alterius
1668 2371 1788 2425 pede
1821 2383 1928 2425 pos-

218 2440 381 2482 teriore
416 2440 554 2496 ipsius
596 2456 678 2498 pes
711 2449 932 2488 teneatur.
969 2445 1034 2487 sic
1064 2446 1251 2501 egregie
1282 2445 1444 2501 figulus
1479 2445 1692 2488 animalia
1738 2446 1784 2487 in
1817 2459 1927 2488 anu-

218 2515 308 2557 lum
334 2522 384 2557 ut
405 2516 467 2558 ita
490 2517 640 2560 dicam
664 2520 928 2562 continuum
953 2521 1201 2566 coniunxit.
1224 2521 1380 2564 leones
1410 2526 1508 2563 arte
1542 2521 1706 2576 insigni
1741 2522 1927 2564 eadem-

218 2603 308 2645 que
343 2603 505 2633 seuera
539 2594 738 2647 expressi
771 2600 902 2637 sunt:
946 2608 1135 2651 corpora
1170 2596 1303 2638 exilia
1338 2602 1476 2651 atque
1515 2596 1792 2651 tenuissima,
1829 2597 1926 2638 alae

218 2665 423 2720 singulae
460 2666 654 2722 exiguae
704 2676 984 2720 recuruatae,
1040 2671 1221 2726 linguae
1270 2678 1529 2729 protensae,
1586 2678 1739 2714 costae
1790 2678 1929 2728 atque

214 2742 433 2796 genitalia
468 2744 628 2784 sedulo
665 2744 874 2788 indicata.
910 2752 1054 2788 totum
1078 2760 1160 2790 uas
1195 2761 1220 2788 e
1243 2748 1420 2790 caelato
1445 2747 1689 2802 exemplari
1723 2749 1926 2802 pendere

365 2925 380 2952 1
407 2927 705 2976 inscriptionem
734 2929 949 2978 Etruscam,
984 2942 1060 2978 qua
1088 2942 1157 2978 pes
1189 2931 1367 2979 cingitur,
1398 2936 1537 2980 postea
1575 2933 1732 2969 demum
1760 2932 1923 2969 incisam

211 3005 295 3030 esse
324 3005 482 3032 censeo,

361 3056 379 3084 2
407 3061 556 3096 Annali
590 3060 691 3099 1878
720 3063 782 3099 R:
813 3061 1013 3098 simillima
1041 3067 1099 3098 est
1129 3063 1293 3100 Boston.
1322 3062 1371 3100 81
1402 3075 1441 3110 p.
1470 3062 1521 3101 66
1550 3064 1774 3102 Robinson.

357 3122 374 3150 3
403 3126 535 3175 cyathi
563 3139 680 3164 ansae
694 3127 821 3175 lineis,
853 3128 1028 3177 corporis
1044 3141 1133 3176 pars
1156 3129 1325 3165 exterior
1343 3128 1415 3165 loti
1444 3129 1579 3166 florum
1595 3142 1704 3180 zona,
1734 3131 1913 3180 utrisque

211 3192 382 3239 scalptis,
414 3199 583 3232 ornatur.
