2168 3573
1023 278 1073 287 —
1110 256 1160 296 18
1197 277 1246 311 ÷-
1848 223 1909 295 ‘N

283 391 336 435 cf.
388 392 631 446 anaglypta
668 390 846 444 Assyria
893 395 943 431 ut
981 389 1137 432 Perrot
1169 389 1209 430 Il
1261 386 1373 443 566)
1423 389 1639 443 expressi,
1689 388 1813 431 cerui
1860 386 1992 431 flores

286 481 365 509 ore
399 472 626 520 tenentes,
679 465 800 506 cerui
850 460 1063 519 damae¹,
1117 464 1370 521 pantherae
1405 477 1605 519 capreas,
1648 464 1814 522 xleones
1866 477 2031 509 crura?

286 542 485 584 humana
523 542 816 597 deuorantes,
850 541 910 582 de
946 541 1109 596 quibus
1144 539 1268 582 infra·
1290 539 1432 581 fusius
1467 544 1637 595 agetur,
1672 539 1876 583 centauri
1909 539 1994 582 hu-

280 620 403 661 mani
438 618 599 660 tunicis
633 618 848 659 breuibus
880 618 1041 668 induti,
1076 617 1221 672 qualis
1263 617 1308 658 in
1333 617 1497 659 eadem
1531 615 1667 658 situla
1699 603 1996 658 Praenestina

283 699 444 735 exstat.
470 693 720 735 arctissima
754 699 908 735 autem
940 692 1159 735 affinitate
1193 702 1301 734 uasa
1332 692 1458 747 nigra
1491 690 1667 746 scalpta
1697 703 1799 733 cum
1822 685 1996 748 'scypho

282 775 503 822 argenteo
538 766 857 809 Vetuloniensi
910 779 1046 822 supra
1089 772 1444 808 commemorato
1491 770 1810 820 conectuntur,
1859 778 1994 821 quem

281 846 369 886 iam
403 842 663 884 adcuratius
698 841 1028 883 examinemus.
1861 836 1865 841 ’

432 917 636 972 Scyphus
671 917 808 972 igitur
841 917 913 959 ille
946 916 1252 958 nobilissimus
1282 914 1407 970 (Not.
1442 915 1484 959 d.
1518 914 1589 959 Se.
1618 915 1738 959 1887
1772 914 1862 959 tab.
1900 912 1994 972 16),

284 994 456 1035 formae
489 991 892 1046 protocorinthiae‚
949 1004 1002 1032 ex
1037 991 1204 1032 lamina
1239 995 1456 1044 argentea
1487 989 1609 1048 tenui
1660 975 1824 1031 d'uctus
1858 995 1995 1045 atque

282 1069 409 1111 lineis
445 1067 642 1122 scalptis,
698 1067 930 1108 caelatura
963 1078 1058 1107 non
1104 1065 1321 1119 adhibita,
1374 1079 1428 1108 ea
1460 1064 1636 1107 ratione
1668 1071 1857 1108 ornatus
1908 1071 1993 1120 est,

283 1149 333 1184 ut
364 1142 490 1184 zonis
543 1140 801 1182 animalium
859 1140 1067 1196 cingatur
1099 1140 1307 1194 angustis
1352 1140 1546 1194 latisque
1576 1139 1708 1196 binis,
1761 1147 1996 1195 praeterea

281 1218 557 1261 flabellorum
609 1230 724 1259 zona
759 1216 842 1258 illis
878 1215 1175 1271 interposita:
1232 1215 1277 1257 in
1308 1215 1398 1257 imo
1433 1228 1546 1257 uase
1596 1228 1718 1258 nunc
1753 1215 1995 1271 deperdito

283 1293 397 1335 radii
432 1297 557 1334 certo
594 1290 799 1345 dispositi
835 1296 976 1332 erant.
1011 1290 1189 1332 flabella
1221 1289 1307 1346 illa,
1354 1289 1514 1344 quibus
1548 1289 1763 1346 imprimis
1798 1289 2003 1346 scyphus·

288 1374 533 1422 argenteus
559 1380 660 1408 cum
696 1365 904 1407 fictilibus
929 1365 1232 1420 coniungitur,
1266 1379 1321 1407 ex
1350 1365 1555 1421 palmulis
1578 1371 1678 1408 orta
1699 1378 1803 1407 esse
1834 1365 1996 1407 uiden-

289 1451 373 1495 tur,
417 1442 571 1497 quales
606 1442 650 1482 in
686 1442 854 1496 pateris
887 1441 1140 1482 Phoeniciis
1174 1441 1329 1482 aeneis
1364 1447 1606 1484 occurrunt
1638 1439 1836 1496 (Layard
1869 1440 1995 1484 Mon.

294 1519 347 1560 of
392 1517 493 1559 Nin.
528 1517 567 1557 ]Ι
606 1518 678 1572 68,
726 1516 845 1559 MuS.
893 1516 990 1559 Ital.
1026 1516 1067 1557 II
1116 1517 1207 1560 tab.
1244 1514 1304 1571 6),
1356 1517 1439 1558 sed
1493 1516 1686 1571 punctis,
1739 1529 1834 1558 non
1868 1516 1996 1558 lineis

285 1592 465 1635 effectis.
506 1615 557 1621 —
594 1591 805 1634 animalia
838 1604 957 1647 quae
992 1591 1037 1633 in
1085 1590 1421 1647 angustioribus
1468 1590 1592 1634 zonis
1625 1594 1841 1648 expressa
1873 1593 1995 1643 sunt,

288 1681 397 1710 aues
433 1680 592 1708 omnes
633 1680 724 1707 uno
764 1667 917 1721 lepore
950 1666 1233 1721 interposito,
1282 1672 1379 1708 toto
1415 1667 1523 1708 orbe
1557 1680 1584 1708 a
1615 1667 1774 1709 ceteris
1815 1667 1997 1709 diuersa

282 1748 401 1796 sunt,
453 1755 555 1784 cum
590 1741 650 1783 ad
702 1741 912 1796 exempla
946 1740 1170 1795 Aegyptia
1218 1751 1273 1783 ea
1307 1740 1590 1783 conformata
1625 1733 1994 1798 essefa'ppareat.

280 1831 433 1873 neque
483 1828 594 1857 uero
630 1815 778 1857 artis
831 1828 985 1871 opera,
1043 1816 1127 1857 sed
1176 1815 1410 1857 litteras
1465 1828 1584 1870 quae
1629 1815 1993 1871 hieroglyphicae

280 1893 494 1934 dicuntur
540 1890 739 1933 imitatus
793 1896 863 1932 est
912 1889 1087 1942 artifex,
1137 1902 1273 1946 quem
1317 1903 1399 1946 pro
1434 1890 1616 1933 arbitrio
1664 1890 1873 1947 exempla
1921 1892 1995 1934 illa

279 1972 482 2007 mutasse
514 1965 622 2006 inde
655 1965 976 2018 intellegimus,
1008 1966 1132 2019 quod
1166 1971 1346 2020 praeter
1378 1965 1502 2007 nisos
1527 1971 1574 2008 et
1608 1965 1993 2022 phoenicopteros

281 2040 518 2096 Aegyptiis
541 2039 731 2082 usitatos
756 2045 803 2081 et
827 2039 1234 2094 struthiocamelos,
1270 2040 1344 2096 qui
1375 2054 1476 2083 raro
1500 2041 1699 2096 quidem,
1734 2042 1819 2084 sed
1842 2047 1994 2085 tamen

280 2127 622 2169 nonnumquam
674 2121 928 2165 occurrunt,
979 2128 1088 2156 aues
1138 2115 1319 2157 addidit
1367 2116 1631 2171 triangulos,
1684 2130 1740 2159 ex
1797 2117 1996 2160 nisorum

285 2190 602 2244 pollinctorum
653 2189 803 2244 figuris
852 2203 1090 2245 perperam
1141 2190 1381 2233 intellectis
1416 2189 1743 2246 deformatos2‚
1796 2193 1995 2248 leporem

286 2265 445 2305 auibus
469 2264 798 2321 interpositum,
832 2265 1005 2319 palmas
1030 2266 1075 2306 in
1111 2271 1480 2308 ornamentorum
1504 2266 1699 2321 speciem
1733 2264 1989 2322 redactas&

429 2435 443 2462 ¹
473 2438 546 2474 arti
572 2437 772 2473 Asiaticae
802 2443 840 2474 et
866 2438 1023 2474 Ionicae
1051 2438 1235 2475 orientali
1255 2439 1490 2488 peculiares:
1521 2440 1796 2489 antiquissima
1817 2440 1993 2491 exempla

278 2508 366 2541 sunt
396 2503 606 2552 anaglypta
635 2503 797 2551 Assyria
838 2504 1009 2552 (Layard
1038 2505 1058 2540 Ι
1085 2502 1150 2548 35,
1171 2503 1239 2553 44)
1282 2510 1319 2542 et
1347 2510 1505 2554 paterae
1540 2505 1787 2543 Niniuiticae
1827 2507 1995 2557 (Layard

278 2570 319 2605 11
341 2569 392 2606 58
409 2569 460 2612 A,
486 2568 533 2606 61
553 2567 613 2616 A)
643 2574 759 2615 atque
781 2569 1058 2605 Praenestinae
1080 2568 1506 2618 (Clermont·Ganneau
1532 2571 1653 2617 Imag.
1675 2571 1800 2608 Phen.
1824 2572 1904 2610 tab.
1936 2572 1994 2622 l):

279 2638 497 2682 sequuntur
513 2645 630 2670 ouum
657 2633 1060 2675 struthiocamelinum
1085 2634 1243 2683 (Perrot
1256 2635 1318 2671 111
1332 2633 1428 2685 856)
1446 2641 1486 2672 et
1503 2647 1600 2673 uasa
1618 2635 1791 2682 Milesia,
1822 2638 1996 2676 Naucra-

280 2701 388 2736 titica
418 2698 528 2748 (IHS
557 2700 637 2736 tab.
668 2698 751 2747 79),
779 2700 888 2745 nigra
917 2700 1086 2747 scalpta:
1117 2700 1166 2737 cs.
1195 2700 1415 2746 Malmberg
1432 2702 1626 2738 Material.
1655 2715 1688 2740 z.
1709 2703 1835 2741 Arch.
1854 2704 1994 2743 Russl.
2031 2737 2033 2739 .

278 2777 333 2804 nr.
365 2764 416 2804 13
444 2776 481 2814 p.
515 2763 576 2803 12.
607 2764 795 2801 accedunt
823 2764 1013 2814 amphora
1042 2765 1092 2802 ab
1111 2766 1251 2802 Amasi
1273 2765 1395 2812 figulo
1414 2767 1716 2818 facta(WVor1.
1739 2767 1854 2814 1889,
1881 2769 1920 2814 3,
1949 2769 1992 2810 2:

279 2832 399 2879 clipei
429 2830 614 2878 insigne),
645 2842 724 2878 qua
751 2842 793 2866 re
824 2835 863 2866 et
893 2831 980 2879 ipsa
1011 2843 1057 2867 ex
1086 2833 1200 2868 Ionia
1229 2833 1339 2869 illum
1354 2834 1530 2870 Athenas
1559 2835 1715 2871 uenisse
1735 2835 1994 2885 confirmatur,

279 2902 318 2933 et
348 2896 598 2945 anaglyptum
628 2895 860 2932 Dresdense
903 2896 952 2933 ad
992 2897 1243 2947 archetypum
1272 2899 1449 2936 Ionicum
1494 2911 1593 2938 saec.
1630 2900 1703 2939 VI.
1745 2900 1994 2943 referendum

278 2962 603 3009 (Furtwaengler,
631 2962 838 2999 Roschers
867 2964 962 3002 Lex.
991 2965 1011 3001 Ι
1039 2963 1174 3014 2224).

428 3025 447 3052 2
475 3028 552 3063 nisi
581 3027 764 3075 pollincti
794 3034 832 3064 et
860 3029 901 3064 in
929 3029 1069 3066 litteris
1098 3031 1406 3079 hieroglyphicis
1437 3037 1590 3069 exstant
1617 3031 1669 3081 (e.
1699 3033 1934 3084 g.,Lepsius
1954 3034 1995 3071 11

282 3091 358 3130 149
375 3103 410 3141 e,
440 3104 500 3129 us,
528 3091 572 3140 3)
613 3098 650 3128 et
679 3092 826 3139 figurae
854 3106 999 3142 paruae
1044 3107 1179 3131 eorum
1208 3096 1367 3142 ligneae
1394 3096 1618 3144 frequentes
1647 3103 1868 3136 occurrunt.

429 3154 447 3182 3
476 3158 644 3194 sortasse
674 3170 753 3195 non
784 3159 934 3196 litterae
973 3171 1066 3197 uere
1095 3161 1320 3210 Aegyptiae
1348 3162 1418 3198 sed
1460 3163 1536 3199 iam
1578 3162 1816 3203 deformatae
1859 3164 1996 3202 artifici

276 3228 434 3271 praesto
464 3230 586 3266 erant,
630 3224 762 3272 quales
805 3226 844 3261 in
884 3227 1030 3274 pateris
1073 3228 1204 3263 aeneis
1247 3228 1311 3264 uel
1349 3215 1542 3276 argenteis
1578 3229 1698 3276 uulgo
1726 3230 1992 3268 Phoenicibus
