2168 3573
1017 235 1242 274 ...11-

140 404 143 405 7
212 409 216 412 .
278 375 478 413 aetatem
512 371 664 414 tulisse
691 365 952 424 uidentur1‚
989 375 1142 411 tamen
1164 366 1296 423 plura
1329 366 1432 408 olim
1457 366 1702 421 importata
1735 379 1840 407 esse
1875 365 1981 406 inde

275 451 480 502 apparet,
514 446 641 502 quod
673 445 790 503 figuli
822 444 1014 499 Etrusci,
1048 456 1217 485 nouam
1250 448 1396 484 artem
1430 441 1656 490 admirati,
1701 453 1813 482 uasa
1850 439 1980 481 rudia

218 536 222 539 ·
275 516 453 563 eterra
476 522 625 564 mixta
658 521 763 565 ficta
796 520 950 563 formis
992 520 1074 562 illis
1111 519 1260 576 paruis
1295 531 1458 561 ornare
1491 523 1770 573 coeperunt:
1830 515 1982 572 qualia

274 597 428 653 scyphi
461 606 569 645 sunt
598 604 646 641 et
678 598 919 641 cantharus
954 597 1014 640 illi
1048 590 1417 650 Vetulonienses,
1454 595 1526 650 uel
1561 594 1650 636 olla
1674 591 1983 636 uetustissima

276 657 577 716 Bononiensis
611 672 738 728 (Sala
770 672 877 715 VIII
909 679 1022 716 vetr.
1054 670 1112 730 J),
1146 672 1218 714 cui
1253 671 1513 713 chimaerae
1545 670 1794 724 impressae
1829 673 1936 708 sunt
1950 664 1983 710 2.

274 742 280 746 ⁵
421 748 570 803 Atque
602 761 709 790 mox
741 761 861 792 saec.
897 747 999 792 VII.
1047 761 1118 791 ex.
1150 747 1221 789 uel
1256 745 1336 790 VI.
1368 746 1427 788 in.
1462 745 1633 787 formae
1681 744 1784 786 illae
1817 743 1982 799 planae

275 828 494 878 exceptae
531 823 946 879 suntrcylindratiffi
998 835 1185 878 quarum
1221 820 1560 877 antiquissimae
1612 820 1722 875 quin
1759 825 1806 861 et
1854 818 1982 875 ipsae

227 906 231 908 ’
275 896 455 940 aliunde
488 898 755 954 importatae
805 899 896 941 sint
927 897 1035 940 mihi
1069 897 1256 952 quidem
1291 895 1479 938 dubium
1530 909 1625 938 non
1661 895 1870 936 uidetur:
1921 895 1981 936 de

276 972 362 1015 hac
385 979 538 1015 autem
561 973 832 1028 quaestione
855 972 1055 1028 plurimis
1079 973 1264 1014 demum
1287 971 1443 1013 formis
1473 970 1734 1025 cylindratis
1759 969 1981 1012 conlectis

274 1053 412 1104 atque
459 1049 678 1092 adcurate
732 1048 1002 1091 examinatis
1053 1054 1226 1090 certum
1258 1047 1473 1089 iudicium
1531 1045 1733 1102 proferre
1783 1042 1983 1089 licebitss.

273 1124 362 1167 hoc
395 1138 536 1167 unum
573 1137 754 1179 moneo,
807 1124 982 1167 nullum
1017 1124 1144 1179 quod
1179 1123 1363 1179 quidem
1416 1123 1557 1166 sciam
1611 1128 1792 1164 exstare
1828 1135 1982 1163 exem—

274 1199 393 1254 plum
433 1213 459 1242 e
491 1206 609 1242 terra
658 1199 800 1242 mixta
848 1199 1016 1249 fictum,
1073 1199 1200 1253 quod
1254 1198 1405 1239 formis
1458 1196 1722 1252 cylindratis
1774 1202 1983 1238 omatum

278 1273 363 1315 sit:
400 1287 488 1328 qua
511 1288 560 1316 re
595 1274 759 1316 formas
783 1274 878 1316 illas
903 1280 997 1316 tum
1020 1274 1207 1314 demum
1235 1272 1462 1315 adhibitas
1496 1285 1598 1313 esse
1628 1272 1983 1326 demonstratur,

276 1361 379 1391 cum
414 1361 485 1392 ars
509 1348 694 1404 antiqua
724 1348 988 1392 aboleuerit.
1851 1344 1862 1347 ’

427 1422 641 1464 Aboleuit
697 1429 862 1473 autem,
913 1423 986 1465 uel
1021 1423 1174 1479 potius
1227 1422 1449 1464 exstincta
1481 1428 1553 1463 est
1601 1435 1723 1464 noua
1772 1421 1985 1475 imprimis

276 1483 385 1548 arte,
407 1496 670 1557 ‘et·0rigine
703 1497 761 1539 ab
799 1497 872 1539 illa
905 1498 965 1540 de
999 1510 1090 1553 qua
1135 1498 1224 1540 iam
1260 1497 1452 1539 diximus
1500 1503 1547 1539 et
1579 1497 1755 1538 ratione
1790 1496 1983 1545 diuersa,

275 1567 442 1626 quippe
491 1584 612 1626 quae
656 1583 750 1612 non
802 1571 1060 1627 anaglyptis
1109 1572 1183 1613 uel
1216 1572 1440 1627 impressis
1475 1571 1633 1627 figuris,
1685 1572 1769 1613 sed
1816 1570 1984 1612 lineis

276 1645 520 1701 scalptis
555 1652 733 1689 tantum
767 1659 851 1689 usa
883 1646 953 1690 sit.

680 1772 786 1864 lli.
837 1815 915 1866 Ile
949 1815 1095 1865 uasis
1128 1816 1302 1876 nigris
1337 1816 1601 1879 scalptis4.

423 1920 475 1962 In
510 1932 680 1962 nouam
716 1920 835 1962 hanc
868 1926 1008 1963 artem
1041 1921 1310 1976 inquisituro
1345 1922 1520 1964 initium
1553 1935 1581 1964 a
1607 1922 1815 1976 sepulcro
1850 1922 1981 1963 ducis

279 1994 620 2036 Vetuloniensis
641 2004 803 2037 ‘rursus
827 1995 1099 2037 sumendum
1137 2001 1235 2038 est:
1285 1997 1331 2037 in
1371 2008 1462 2051 quo
1496 2009 1598 2055 cum
1648 1996 1767 2039 uasis
1801 2009 1826 2036 e
1866 2003 1983 2037 terra

276 2068 418 2110 mixta
440 2068 551 2110 fictis
574 2073 623 2109 et
655 2068 836 2110 duobus
870 2068 952 2110 illis
977 2067 1245 2124 anaglyptis‚
1280 2070 1339 2110 de
1372 2070 1535 2125 quibus
1567 2070 1755 2123 egimus,
1788 2070 1983 2125 scyphus

281 2142 453 2186 formae
487 2131 872 2199 protocorinthiae
911 2149 1065 2187 erutus
1115 2144 1184 2187 est
1213 2159 1269 2188 ex
1316 2145 1470 2202 argilla
1515 2146 1644 2200 nigra
1692 2145 1981 2191 subtilissima

223 2253 227 2256 .
277 2231 451 2261 summa
496 2224 594 2259 arte
644 2218 880 2261 confectus
930 2232 1140 2280 zonaque
1168 2217 1485 2273 flabellorum⁵
1539 2227 1584 2263 et
1625 2221 1762 2263 radiis
1797 2221 1982 2277 scalptis

278 2290 524 2339 ornatus⁶z
589 2295 666 2349 qui
721 2308 824 2337 cum
872 2295 1016 2338 forma
1069 2297 1254 2340 omnino
1300 2311 1401 2340 cum
1456 2297 1627 2352 scypho
1682 2297 1982 2352 pulcherrimo

282 2373 503 2423 argenteo
536 2368 583 2411 in
617 2369 783 2412 eodem
818 2360 1023 2427 sepulcro
1073 2377 1254 2428 reperto
1305 2371 1528 2427 congruit,
1561 2378 1657 2414 tum
1709 2378 1978 2415 ornamento

426 2552 442 2580 1
469 2567 557 2592 cum
595 2566 691 2592 uasa
731 2545 889 2604 egregia
916 2556 1216 2594 Vetuloniensia
1246 2557 1295 2594 ab
1326 2556 1507 2595 omnibus
1538 2558 1666 2595 adhuc
1694 2557 1873 2605 neglecta
1895 2558 1983 2601 sint,

275 2623 450 2671 quamuis
485 2622 634 2659 dudum
662 2622 813 2671 publici
839 2623 936 2660 iuris
966 2624 1078 2668 sacta,
1111 2623 1194 2660 fieri
1222 2629 1351 2673 potest
1378 2629 1420 2661 ut
1449 2625 1527 2661 alia
1556 2637 1717 2674 quoque
1745 2625 1863 2662 huius
1894 2626 1985 2662 artis

272 2687 448 2737 exempla
473 2688 515 2724 in
543 2688 687 2725 museis
717 2688 872 2727 lateant.
1082 2737 1086 2740 ᾖ

423 2750 442 2778 ²
467 2755 516 2792 cf.
548 2754 771 2804 amphoram
801 2755 950 2792 Fainae
993 2755 1147 2792 comitis
1177 2756 1390 2793 admodum
1433 2757 1567 2794 rudem
1609 2755 1774 2805 (Annali
1806 2757 1908 2796 1884
1923 2758 1985 2807 C),

273 2831 374 2868 quae
404 2824 443 2856 et
470 2819 633 2857 maiores
661 2820 807 2857 formas
837 2814 1000 2857 exhibet
1026 2826 1063 2857 et
1108 2822 1281 2858 minores
1320 2823 1360 2858 in
1389 2835 1528 2859 zonam
1558 2823 1803 2872 compositas,
1847 2823 1918 2860 has
1946 2829 1988 2860 ut

273 2885 429 2923 uidetur
458 2886 698 2935 importatas,
728 2885 819 2924 illas
847 2887 888 2923 in
914 2887 1072 2924 Etruria
1101 2888 1268 2925 fortasse
1297 2889 1432 2926 factas.

422 2949 439 2977 ³
465 2952 513 2989 cf.
541 2951 696 2998 Helbig
722 2953 872 2989 Annali
902 2952 1020 3001 1877,
1046 2953 1125 2993 407
1154 2955 1233 2992 tab.
1262 2956 1354 2992 UV.

386 3049 392 3053 .
420 3016 438 3044 4
467 3019 626 3056 subtilia
653 3019 897 3057 Barnabeius
928 3022 1076 3069 optime
1105 3021 1156 3058 de
1188 3021 1246 3058 eivs
1275 3021 1432 3058 meritus
1459 3027 1588 3059 uocat.

420 3082 438 3109 ⁵
462 3084 540 3121 hoc
568 3090 836 3121 ornamentum
870 3086 1156 3135 grauissimum,
1199 3087 1352 3134 punctis
1392 3086 1584 3134 effectum,
1629 3087 1706 3123 iam
1743 3099 1858 3135 supra
1899 3087 1987 3124 teti-

271 3151 400 3198 gimus
429 3164 469 3200 p.
499 3149 537 3191 5.
1072 3146 1080 3153 ⁶

419 3214 438 3241 ⁶
461 3218 554 3255 Not.
585 3219 622 3254 d.
652 3217 715 3255 Sc.
747 3216 848 3256 1887
877 3218 956 3256 tab.
989 3218 1050 3257 16.
