2168 3573
957 258 1003 266 -
1039 238 1093 277 40
1131 258 1180 266 -
1871 256 1908 304 N

207 372 293 414 illis
330 366 559 413 debentl:
598 369 827 412 accedunt
863 381 974 410 uasa
1024 368 1157 410 rubra
1192 368 1345 411 formis
1381 374 1540 411 ornata
1571 367 1737 416 (Berol.
1789 367 1924 419 1644,

211 441 350 501 1645)
400 445 618 500 nigraque
669 444 844 499 scalpta
877 449 925 485 et
956 456 1011 484 ex
1046 449 1167 486 terra
1200 442 1339 486 mixta
1353 441 1504 502 (Mon.
1533 448 1630 491 ant.
1654 442 1722 486 IV
1757 442 1849 485 tab.
1873 442 1923 497 4)

206 527 251 563 et
295 531 369 562 ex.
399 520 547 562 subtili
595 519 697 561 ficta
710 517 741 562 ².
779 541 839 549 —
872 519 918 560 in
964 519 1085 561 uasis
1139 520 1269 575 pictis
1316 534 1415 562 raro
1464 519 1681 575 palmulas
1726 517 1922 560 Phoeni-

207 595 300 636 cias
353 593 753 648 deprehendimus,
804 593 1000 649 singulas
1051 593 1098 634 in
1148 594 1309 650 hydria
1356 594 1630 650 protoattica
1681 590 1839 647 (AIhb.
1882 591 1972 643 11„

210 670 300 714 tab.
336 669 400 722 4),
456 670 502 711 in
535 683 697 712 zonam
732 668 994 712 coniunctas
1043 669 1088 710 in
1140 670 1359 726 amphora
1396 669 1675 712 Berolinensi
1716 667 1919 710 eiusdem

206 744 312 788 artis
358 741 491 800 (ibid.
542 745 634 792 tab.
665 742 728 800 5),
782 743 954 786 arboris
988 743 1034 784 in
1084 744 1285 799 speciem
1335 744 1608 800 compositas
1660 743 1705 784 in
1753 742 1922 799 scypho

206 820 375 876 Argiuo
408 819 505 875 (ΑΖ
534 820 652 863 1859
691 820 783 862 tab.
811 818 934 876 125),
970 818 1150 874 similes,
1186 820 1267 862 sed
1290 833 1384 862 non
1413 819 1598 862 omnino
1624 824 1925 875 congruentes

207 895 254 936 in
304 893 428 936 uasis
479 893 656 950 Cypriis
709 893 1141 949 Graecophoeniciis
1194 890 1330 947 (Ohn.
1382 894 1570 936 Richter
1593 894 1782 950 Kypros
1829 893 1922 935 tab.

209 966 283 1020 61,
337 970 409 1020 74,
467 969 666 1012 Cesnola
719 969 892 1025 Cyprus
940 967 1033 1024 55).
1091 969 1288 1024 denique
1342 970 1638 1025 palmularum
1688 982 1827 1012 zonas
1881 970 1927 1011 in

206 1051 366 1102 patera
400 1043 712 1087 Naucratitica
746 1041 929 1100 (Naukr.
968 1043 1008 1086 ΙΙ
1032 1044 1121 1089 tab.
1159 1043 1206 1099 8)
1243 1044 1530 1101 offendimus,
1564 1043 1747 1100 paulum
1780 1043 1925 1087 uaria-

208 1126 277 1162 tas
312 1117 449 1175 (quae
504 1119 648 1160 forma
683 1132 784 1161 cum
832 1120 1038 1174 palmulis
1075 1119 1243 1161 circulo
1295 1120 1518 1176 inscriptis
1563 1133 1695 1162 arcae
1726 1118 1924 1177 Vetulo-

208 1195 379 1238 niensis
414 1201 460 1237 et
494 1194 635 1237 cistae
661 1195 988 1239 Praenestinae
1021 1196 1330 1251 comparanda
1357 1192 1449 1253 est)
1483 1196 1528 1238 in
1561 1201 1720 1252 patera
1745 1193 1926 1237 Rhodia

211 1284 347 1327 supra
381 1276 754 1326 commemorata,
806 1284 997 1327 quarum
1032 1277 1224 1327 utraque
1259 1273 1425 1314 eadem
1460 1277 1597 1328 atque
1629 1284 1740 1313 uasa
1772 1276 1928 1329 nostra

210 1348 387 1390 ratione
442 1353 604 1389 ornata
654 1353 733 1391 est.
760 1365 764 1368 ’
790 1348 1015 1389 accedunt
1067 1347 1252 1390 uascula
1299 1347 1504 1404 figurata,
1553 1347 1703 1402 capita
1750 1346 1930 1403 galeata

214 1420 477 1477 Tarquiniis
513 1417 675 1476 (Berol.
717 1418 856 1477 1304)
913 1428 959 1463 et
990 1420 1266 1463 Vetuloniae
1304 1419 1430 1479 (Not.
1464 1423 1508 1465 d.
1545 1421 1612 1465 Se.
1649 1422 1783 1478 1894,
1820 1418 1929 1478 347)

211 1504 355 1552 eruta,
407 1503 455 1538 et
496 1510 597 1538 crus
643 1497 891 1539 humanum
940 1502 1077 1552 atque
1124 1497 1291 1539 malum
1344 1504 1601 1555 granatum,
1655 1510 1774 1553 quae
1808 1497 1930 1540 Sami

213 1573 382 1615 effossa
416 1572 463 1613 in
504 1585 710 1614 museum
747 1571 1032 1615 Cassellense
1067 1571 1342 1615 Boehlauius
1376 1573 1564 1616 detulit:
1616 1585 1734 1628 quae
1779 1571 1930 1614 omnia

214 1649 436 1704 palmulas
471 1647 517 1688 in
549 1649 733 1690 bernice
768 1649 965 1703 scalptas
1000 1648 1215 1690 exhibent
1231 1645 1260 1692 3.

360 1722 455 1764 Iam
510 1724 571 1765 ad
621 1724 843 1778 originem
894 1736 1105 1766 uasorum
1159 1729 1419 1765 nostrorum
1474 1723 1785 1766 definiendam
1837 1724 1929 1766 duo

213 1804 476 1854 argumenta
520 1798 637 1840 nacti
676 1811 841 1852 sumus,
897 1798 1088 1840 alterum
1129 1810 1342 1840 uasorum
1376 1798 1547 1841 classes
1599 1811 1716 1853 quae
1749 1798 1931 1841 bernice

213 1873 406 1915 inducta
440 1878 576 1928 atque
607 1874 734 1915 lineis
773 1874 956 1928 scalptis
994 1879 1154 1916 ornata
1188 1879 1292 1915 sunt
1329 1886 1487 1915 omnes
1526 1873 1717 1916 arctiore
1748 1874 1930 1916 uinculo

216 1949 332 1992 inter
384 1961 433 1991 se
469 1962 671 1992 conexas
716 1963 829 2005 esse,
885 1949 1100 2006 quoniam
1151 1949 1352 1992 omnium
1401 1948 1933 2005 palmulae-Phoeniciae

211 2025 423 2081 propriae
459 2025 563 2075 sint,
615 2027 807 2067 alterurn
842 2039 954 2068 uasa
999 2026 1072 2067 illa
1124 2027 1185 2067 ad
1221 2026 1369 2067 locum
1410 2026 1640 2080 quendam
1690 2025 1932 2067 referenda

213 2113 315 2142 esse
350 2100 624 2143 commercio
661 2106 801 2155 atque
837 2100 1140 2143 familiaritate
1175 2114 1276 2143 curn
1303 2100 1602 2143 Phoenicibus
1627 2100 1930 2144 coniunctum.

213 2176 393 2217 accedit
419 2176 546 2231 quod
565 2176 820 2218 ornamenti
840 2176 951 2218 illius
975 2182 1164 2231 paterae
1188 2175 1420 2218 Parisinae
1438 2173 1501 2232 (p.
1526 2172 1617 2231 34),
1636 2175 1716 2218 loti
1749 2175 1932 2217 floribus

213 2256 260 2292 et
291 2250 495 2306 palmulis
539 2251 697 2294 stellae
750 2252 795 2293 in
830 2251 1019 2295 formam
1068 2251 1322 2307 compositi,
1373 2251 1643 2293 simillimum
1678 2251 1724 2292 in
1772 2257 1932 2306 patera

213 2339 359 2370 aenea
393 2326 634 2369 Niniuitica
668 2328 950 2371 Phoeniciae
983 2334 1031 2370 ut
1065 2328 1248 2370 uidetur
1282 2327 1467 2383 originis
1503 2327 1707 2371 occurrit.

363 2402 485 2445 Vasa
518 2403 654 2458 igitur
689 2403 841 2446 Rhodi
890 2410 1072 2460 reperta
1122 2404 1208 2445 hac
1249 2403 1295 2445 in
1343 2403 1489 2445 insula
1531 2403 1652 2445 facta
1686 2415 1784 2446 esse
1818 2416 1931 2459 quo-

212 2479 361 2522 minus
396 2486 650 2523 statuamus
686 2481 792 2523 nihil
829 2482 994 2539 obstat,
1040 2480 1256 2536 quoniam
1298 2479 1547 2523 Phoenices
1581 2479 1690 2521 inde
1727 2479 1784 2522 ab
1818 2479 1933 2521 anti-

215 2553 442 2609 quissimis
478 2554 761 2610 temporibus
794 2555 1079 2598 Rhodiorum
1114 2555 1387 2598 commercio
1434 2554 1604 2597 fructos
1643 2566 1745 2596 esse
1776 2559 1822 2595 et
1854 2567 1934 2609 per

364 2700 380 2727 1
411 2704 580 2753 scyphus
610 2704 917 2753 Vetuloniensis‚
958 2705 1007 2742 de
1036 2717 1114 2753 quo
1146 2716 1263 2752 supra
1294 2704 1441 2740 dictum
1469 2709 1539 2752 est,
1572 2707 1839 2740 ornamentum
1869 2713 1932 2737 au-

214 2780 319 2806 reum
347 2769 499 2806 ibidem
529 2775 681 2807 erutum
712 2770 823 2820 (Not.
854 2771 892 2808 d.
928 2771 986 2809 sc.
1019 2769 1135 2820 1893,
1165 2769 1273 2819 504),
1304 2771 1400 2807 cista
1430 2770 1553 2819 (Mon.
1571 2768 1671 2807 VIII
1701 2767 1770 2818 26)
1800 2767 1936 2804 situla-

214 2847 289 2884 que
317 2835 601 2874 Praenestinae
630 2837 938 2887 (Archaeologia
967 2837 1015 2876 41
1049 2839 1127 2875 tab.
1157 2837 1212 2886 6),
1256 2843 1426 2874 craterae
1456 2838 1623 2874 fulcrum
1660 2835 1783 2886 (Mus.
1815 2836 1932 2882 Greg.
1970 2863 1972 2865 »

213 2900 232 2939 Ι
255 2901 301 2938 11
324 2902 372 2939 cf.
403 2914 519 2950 supra
547 2916 584 2951 p.
604 2903 684 2953 19),
714 2908 978 2939 ornamentum
999 2902 1194 2950 pectorale
1223 2903 1477 2939 Caeretanum
1505 2903 1624 2949 (Mus.
1641 2903 1759 2948 Greg.
1783 2899 1934 2951 182s3),

213 2967 326 3016 pyxis
355 2968 525 3005 eburnea
553 2970 675 3017 (Mus.
707 2970 823 3015 Greg.
854 2967 893 3005 II
925 2967 1018 3017 106)
1046 2968 1096 3005 al.
1211 2973 1214 2974 ’

361 3029 379 3056 2
408 3034 545 3070 Micali
571 3035 682 3072 Mon.
712 3035 764 3072 in.
794 3033 858 3081 27,
889 3031 930 3071 5:
974 3033 1128 3069 arboris
1166 3033 1207 3068 in
1245 3033 1416 3080 speciem
1458 3033 1697 3080 compositas
1741 3031 1934 3081 palmulas

216 3097 378 3134 exhibet
404 3099 537 3147 poculi
567 3099 731 3135 fulcrum
752 3112 774 3135 a
802 3099 1002 3145 Bissingio
1033 3098 1210 3134 Bonnam
1242 3097 1425 3136 delatum.

367 3161 383 3189 3
410 3166 521 3202 mitto
553 3177 673 3214 opera
700 3167 877 3209 Etrusca,
921 3170 964 3201 ut
1004 3164 1229 3214 amphoram
1262 3164 1512 3201 Oruietanam
1541 3176 1627 3201 cum
1670 3164 1775 3200 uasis
1805 3162 1933 3200 rubris

217 3231 531 3276 coniungendam
561 3230 656 3280 (tab.
687 3230 727 3268 II
756 3232 796 3280 3)
832 3232 894 3268 uel
924 3232 1095 3280 picturas
1116 3230 1319 3269 Veientes.
