2168 3573
967 165 1095 238 -137
1127 220 1184 230 .-.

211 331 288 387 qui
324 331 478 386 gladio
513 330 734 387 serpentis
768 330 959 387 bicipitis
995 331 1159 374 collum
1193 327 1448 387 perfodit¹:
1489 344 1605 387 quae
1640 330 1791 373 omnia
1825 337 1920 373 arte

209 406 462 459 admodum
496 406 595 448 rudi
630 412 767 463 atque
799 406 960 462 puerili
1014 406 1141 449 lineis
1176 407 1361 462 scalptis
1395 407 1440 448 in
1479 406 1657 448 bernice
1707 418 1921 461 expressa

208 488 326 526 sunt.
359 482 447 524 iam
498 482 605 524 inde
639 482 699 524 ad
733 494 946 524 uasorum
992 482 1153 524 seriem
1188 482 1339 524 adhuc
1391 481 1498 523 satis
1532 495 1722 536 paruam
1776 482 1916 523 dedu-

209 557 360 612 cimur,
394 571 513 613 quae
550 558 735 600 bernice
768 564 813 599 et
846 559 945 612 ipsa
967 546 1155 600 inducta
1187 559 1275 599 iam
1310 571 1404 599 non
1427 557 1705 599 ornamentis
1739 563 1916 598 tantum

207 632 292 676 sed
325 632 528 689 figuris
562 631 795 688 scalptis
831 633 1049 675 decorata
1083 638 1216 677 sunt:

310 700 313 702 ’
360 711 400 752 1.
456 711 497 752 2.
546 708 666 750 urcei
715 709 809 750 duo
855 709 1105 750 Florentini
1152 709 1268 751 inter
1312 722 1360 751 se
1412 720 1648 764 compares
1696 706 1842 761 (Vetr.
1877 707 1919 747 II

210 786 341 830 1750.
380 781 532 842 1751),
581 785 750 828 formae
785 785 893 828 utris
930 785 1120 843 similis„
1154 786 1199 828 in
1232 786 1391 829 Pescia
1425 786 1635 828 Romana
1687 785 1790 827 uico
1826 797 1919 827 una

215 873 316 904 cum
350 861 496 904 urceis
530 861 740 916 palmulis
775 846 1027 904 Phoeniciis
1063 862 1231 904 ornatis
1266 861 1428 912 effossi,
1475 861 1739 917 quibuscum
1771 866 1819 902 et
1853 873 1917 902 ar-

206 938 313 992 gilla
345 944 390 980 et
412 937 596 979 bernice
629 937 813 978 omnino
835 943 1107 991 congruunt.
1142 937 1375 991 descripsit
1395 935 1591 978 Gsellius
1614 936 1764 983 (Vulci
1787 936 1912 989 489).

209 1012 384 1055 rotulae
417 1025 627 1054 ansarum
662 1011 771 1054 rotis
807 1018 1129 1067 quaternorum
1164 1011 1407 1060 radiorum,
1444 1011 1607 1052 collum
1639 1016 1914 1065 punctorum

203 1084 318 1129 >rosis
352 1087 462 1128 albis
498 1093 725 1130 ornantur.
761 1086 971 1128 humerus
996 1087 1158 1129 bacilla
1181 1086 1361 1128 exhibet
1394 1086 1569 1141 scalpta
1604 1091 1741 1140 atque
1774 1086 1911 1141 picta,

207 1174 366 1217 corpus
413 1161 671 1203 animalium
705 1174 843 1204 zonas
896 1158 1040 1203 duas2
1092 1160 1220 1203 lineis
1252 1161 1552 1215 compluribus
1604 1161 1716 1202 albis
1751 1161 1916 1203 rubris·

205 1250 292 1293 que
328 1237 508 1280 diuisas.
544 1237 695 1279 infima
731 1237 931 1292 corporis
966 1250 1083 1293 pars,
1120 1250 1238 1292 quae
1262 1237 1356 1279 sola
1391 1236 1572 1278 bernice
1605 1236 1792 1279 inducta
1812 1251 1906 1279 non

206 1319 289 1363 est,
323 1313 458 1354 radiis
494 1319 629 1355 caret.
655 1312 879 1363 animalia,
914 1313 1055 1355 dextr.
1093 1313 1245 1354 omnia
1276 1325 1509 1362 conuersa,
1546 1318 1641 1353 arte
1664 1313 1915 1354 admodum

206 1386 420 1442 singulari
443 1393 583 1442 atque
616 1386 761 1441 rigida
780 1399 996 1442 expressa
1031 1393 1148 1437 sunt,
1186 1387 1246 1429 ad
1273 1386 1547 1443 exemplaria
1573 1400 1717 1429 aenea
1743 1387 1914 1443 scalpta

206 1467 361 1515 aperte
385 1461 683 1504 conformata.
708 1468 935 1504 extremae
958 1463 1105 1502 lineae
1140 1463 1356 1517 scalptae,
1393 1463 1593 1503 internae
1616 1463 1688 1503 uel
1712 1463 1913 1516 scalptae

203 1537 293 1596 uel,
328 1532 377 1578 ut
410 1549 649 1592 corporum
684 1535 853 1580 fasciae
889 1534 966 1592 (cf.
1003 1550 1208 1594 supravp.
1241 1534 1304 1592 4),
1331 1536 1435 1579 albo
1469 1536 1621 1579 colore
1654 1536 1912 1592 impositae,

205 1612 303 1654 alae
337 1618 603 1654 recuruatae
638 1613 790 1654 colore
824 1613 959 1660 rubro
995 1626 1099 1654 cum
1131 1613 1313 1653 bernice
1347 1612 1615 1667 alternante,
1671 1626 1800 1654 crura
1833 1629 1910 1655 ex-

204 1693 333 1729 terna
375 1687 527 1729 omnia
575 1687 722 1739 rubro,
782 1687 959 1730 interna
1009 1687 1112 1730 albo
1167 1688 1316 1730 colore
1361 1687 1481 1742 picta
1519 1694 1636 1738 sunt,
1688 1702 1912 1732 nonnum·

203 1774 339 1816 quam
392 1761 537 1804 limbis
583 1762 833 1816 reseruatis,
885 1769 935 1804 ut
985 1764 1031 1805 in
1080 1763 1199 1806 uasis
1247 1763 1423 1805 Lesbiis
1476 1763 1645 1805 factum
1700 1764 1910 1810 uidimus.

201 1837 401 1893 reliquae
437 1851 675 1894 corporum
709 1845 861 1895 partes
895 1840 1119 1882 coloribus
1155 1846 1322 1882 carent.
1359 1846 1497 1894 atque
1532 1840 1696 1882 eadem
1731 1841 1908 1883 ratione

201 1912 376 1955 colores
408 1920 454 1956 et
486 1914 531 1956 in
565 1914 674 1958 rosis
706 1915 865 1958 uariati
900 1921 1006 1958 sunt
1038 1921 1084 1957 et
1118 1914 1163 1957 in
1193 1915 1389 1970 palmula
1436 1914 1691 1971 Phoenicia,
1742 1929 1832 1972 qua
1864 1923 1910 1958 et

200 1989 298 2045 ipsa
347 1991 594 2032 arctissime
644 1992 762 2034 urcei
812 1992 953 2034 nostri
1002 2005 1106 2034 cum
1142 1991 1224 2033 illis
1274 1993 1333 2033 de
1379 1991 1538 2046 quibus
1592 1992 1680 2033 iam
1732 1992 1904 2046 egimus

202 2064 548 2120 coniunguntur.

351 2142 389 2181 3.
441 2141 658 2194 amphora
706 2155 872 2196 magna
906 2143 1182 2199 Florentina,
1238 2142 1472 2184 Visentiae
1505 2149 1635 2184 eruta
1650 2140 1681 2199 3,
1735 2143 1906 2185 formae

200 2214 356 2258 classis
388 2221 575 2278 nostrae
607 2215 831 2271 propriae,
865 2216 949 2259 nisi
982 2217 1108 2272 quod
1143 2215 1301 2260 anulus
1336 2216 1499 2272 duplus
1533 2216 1577 2258 in
1609 2217 1762 2260 medio
1789 2218 1903 2261 collo

204 2290 385 2333 bernice
418 2282 607 2333 inducto
641 2291 860 2347 lineisque
894 2292 1035 2334 rubris
1072 2299 1117 2334 et
1150 2292 1261 2335 albis
1305 2291 1454 2334 cincto
1488 2292 1634 2335 deest.
1691 2292 1904 2336 humerus

201 2367 370 2410 bacillis
404 2367 588 2410 rudibus
614 2374 809 2419 ornatur,
847 2364 963 2423 quae
986 2374 1269 2424 metoparum
1292 2369 1338 2410 in
1365 2369 1551 2411 modum
1583 2369 1657 2411 aui
1691 2370 1904 2425 aquatico

346 2588 362 2616 1
389 2595 523 2628 nostra
550 2592 626 2629 tab.
656 2593 697 2628 II
725 2591 770 2631 2:
812 2592 1029 2630 Herculem
1055 2593 1219 2642 hydram
1249 2594 1477 2640 adgressum
1518 2594 1657 2641 figulus
1688 2596 1904 2643 exprimere

199 2657 359 2695 studuit.

345 2720 364 2747 2
390 2728 523 2759 nostra
550 2725 629 2762 tab.
659 2726 699 2760 H
726 2723 772 2763 ὃς
816 2725 954 2774 ibices,
998 2725 1196 2775 sphinges,
1240 2737 1356 2773 gryps
1386 2726 1534 2761 formae
1564 2725 1788 2773 singularis,
1829 2727 1903 2762 alis

198 2789 387 2839 bullaque
417 2801 564 2837 carens,
606 2790 694 2839 equi
735 2790 947 2839 pantherae
984 2790 1121 2828 leones
1151 2790 1267 2829 alati:
1309 2790 1499 2829 accedunt
1541 2790 1649 2827 ulula
1691 2791 1902 2839 pantherae

200 2856 344 2892 caudae
373 2856 561 2902 insidens,
590 2857 774 2904 pampini,
820 2856 1039 2905 palmula
1066 2857 1357 2906 Phoenicia,
1394 2869 1505 2894 rosae
1549 2857 1702 2894 circulis
1744 2858 1907 2907 inscrip-

197 2926 260 2957 tae
288 2922 348 2967 (εἰ.
378 2921 556 2970 hydriam
584 2922 796 2970 Lesbiam).

343 2983 361 3010 3
386 2989 483 3024 Not.
515 2989 552 3025 d.
582 2976 644 3026 Sc.
676 2988 791 3032 1886,
827 2988 918 3038 310,
955 3001 1012 3027 nr.
1042 2989 1087 3027 3:
1133 2990 1173 3025 in
1203 2990 1346 3025 eodem
1393 2989 1574 3037 sepulcro
1617 3001 1711 3025 uasa
1748 2996 1903 3038 reperta

197 3054 286 3086 sunt
312 3052 634 3099 protocorinthia,
664 3053 774 3100 nigra
802 3055 968 3090 Etrusca
996 3054 1274 3102 antiquissima,
1303 3055 1468 3090 uascula
1495 3055 1593 3090 uitro
1624 3055 1823 3091 metallico
1851 3056 1906 3091 in-

196 3115 321 3161 ducta,
351 3129 477 3166 neque
506 3123 636 3156 tamen
677 3119 800 3156 ullum
838 3131 906 3156 uas
935 3120 1083 3172 pictum
1110 3120 1328 3164 Etruscum,
1375 3121 1485 3168 quod
1528 3126 1605 3157 arte
1651 3133 1738 3158 cum
1768 3126 1903 3158 nostro

197 3184 411 3231 comparari
438 3185 576 3232 possit.
