2168 3573
1017 179 1243 241 -15-

181 290 185 291 ⁷
227 299 230 301 Β
284 318 387 370 1¹77,
417 317 531 361 Bull.
567 315 758 362 Comun.
793 316 870 368 ΙΙΙ,
917 316 1010 360 tab.
1045 316 1182 366 6—8,
1217 315 1290 358 20.
1341 320 1479 370 atque
1512 314 1681 369 dignae
1715 320 1820 356 sunt
1849 326 1990 369 -quae

202 383 204 385 θ
258 390 587 453 'memorentur
635 399 823 450 paterae
865 393 987 434 duae
1020 393 1298 448 permagnae
1335 389 1611 432 Florentiam
1662 387 1813 430 Clusio
1864 388 1992 429 dela-

287 469 379 519 tae,
447 467 589 510 forma
642 474 830 523 paterae
893 458 1052 510 rubrae
1106 466 1328 508 Etruscae
1389 465 1653 507 Mannhemi
1715 465 1991 505 adseruatae

283 539 462 596 (AAnz.
499 543 632 599 1890,
685 536 796 601 152)
847 542 1031 599 similes,
1083 542 1206 599 pede
1239 542 1333 584 alto
1367 541 1513 591 nisae,
1564 552 1748 595 quarum
1798 545 1991 594 utraque

284 630 470 660 urceum
513 617 684 660 formae
718 617 927 664 Milesiae
976 624 1023 660 et
1055 619 1218 673 pocula
1271 617 1471 673 quinque
1524 616 1720 658 sustinet
1766 614 1991 669 operculis

211 734 215 737 .
280 694 523 747 instructa*
555 693 844 748 pedibusque
897 695 1109 740 deorsum
1161 694 1337 735 acuatis
1395 693 1442 734 in
1496 693 1748 747 marginem
1802 698 1992 745 paterae

283 767 562 824 perforatum
597 767 813 811 inmissa:
848 780 966 823 quae
1000 768 1153 809 omnia
1186 767 1376 809 flabellis
1413 772 1573 809 ornata
1607 773 1725 808 sunt.
1762 766 1992 807 accedunt

273 843 545 898 ‘exemplum
569 857 596 885 a
619 842 801 884 Micalio
825 840 974 898 (Mon.
1003 843 1063 886 in.
1090 840 1212 899 27‚4)
1246 843 1421 903 editum
1455 848 1502 884 et
1530 841 1722 897 Neapol.
1758 843 1863 890 202,
1895 842 1991 881 ani-

283 917 475 959 malibus
507 923 746 973 utrumque
779 918 1054 963 decoratum.

432 992 675 1034 Praeterea
709 991 914 1034 eiusdem
939 991 1033 1034 fere
1068 991 1239 1034 formae
1271 992 1435 1047 pocula
1463 997 1644 1033 seruata
1665 998 1769 1034 sunt
1802 998 1849 1032 et
1870 993 1992 1047 pede

285 1066 450 1121 exiguo
484 1067 697 1122 ausisque
731 1067 848 1109 binis
883 1063 1052 1124 (Berol.
1091 1069 1223 1111 1479.
1263 1065 1418 1124 1480),
1467 1073 1513 1109 et
1564 1068 1685 1122 pede
1719 1067 1813 1108 alto
1848 1067 1993 1108 ansis-

285 1154 375 1196 que
409 1142 640 1196 quaternis
673 1138 845 1197 (Berol..
886 1143 1019 1185 1481.
1058 1138 1194 1196 1482)
1244 1142 1464 1183 instructa
1512 1148 1650 1196 atque
1698 1142 1889 1182 flabellis
1923 1154 1993 1182 or-

287 1223 424 1260 nata:
457 1229 576 1271 quae
608 1216 760 1259 omnia
791 1216 984 1259 Etrusca
1018 1229 1120 1259 esse
1154 1217 1380 1260 uidentur.

445 1290 500 1335 X.
533 1291 702 1346 pocula
734 1290 904 1333 formae
936 1291 1105 1345 similis,
1140 1292 1224 1334 sed
1256 1297 1435 1347 praeter
1454 1292 1621 1347 pedem
1655 1291 1885 1346 quaternis
1914 1291 1995 1333 ful-

285 1366 370 1406 cris
407 1365 573 1415 innixa,
606 1378 724 1420 quae
757 1367 830 1407 uel
863 1379 919 1406 ex
944 1367 1219 1408 ornamentis
1253 1366 1391 1420 opere
1421 1367 1651 1421 perforato
1676 1367 1846 1407 effectis
1870 1380 1993 1407 com-

285 1440 434 1495 posita
453 1436 472 1466 1
505 1440 578 1481 uel
613 1440 659 1482 in
693 1440 925 1482 hominum
953 1441 1292 1483 daemonumue
1325 1442 1523 1497 speciem
1548 1440 1829 1483 conformata
1863 1446 1989 1483 sunt:

285 1515 435 1569 qualia
470 1513 731 1556 Caeretana
764 1512 878 1556 sunt
916 1514 1052 1569 (Mus.
1088 1515 1227 1571 Greg..
1260 1515 1302 1557 11
1336 1511 1460 1572 103),
1510 1516 1717 1558 mulieres
1766 1516 1991 1557 interdum

290 1588 440 1631 alatae
474 1590 760 1645 crinibusque
796 1590 941 1647 longis
990 1590 1037 1632 in
1070 1591 1218 1632 nodos
1268 1591 1397 1633 tortis
1431 1592 1683 1647 praeditae,
1737 1591 1899 1648 quibus
1933 1591 1991 1632 si-

286 1664 473 1713 millima
521 1672 568 1706 et
613 1665 712 1722 ipsa
762 1665 1018 1709 Caeretana
1051 1665 1260 1708 Dresdae
1311 1667 1612 1709 adseruantur
1643 1665 1816 1721 (AAnz.
1856 1668 1990 1722 1889,

288 1741 410 1795 164),
457 1753 576 1795 quae
609 1747 735 1799 certo
768 1740 947 1783 Graeca
981 1754 1082 1783 esse
1120 1740 1454 1784 Loeschckeius
1488 1742 1722 1784 certiorem
1744 1755 1818 1784 me
1842 1741 1949 1783 fecit
1962 1740 1991 1785 ².

295 1821 434 1870 atque
467 1815 583 1858 felici
617 1814 735 1858 casu
757 1816 926 1861 factum
959 1823 1044 1873 est,
1080 1823 1130 1858 ut
1163 1815 1293 1871 quasi
1327 1818 1556 1872 exemplar
1589 1818 1635 1858 in
1668 1817 1764 1872 ipsa
1799 1817 1991 1859 Graecia

291 1890 594 1944 detegeretur,
628 1891 838 1945 poculum
870 1904 1052 1947 prorsus
1087 1905 1189 1933 cum
1225 1891 1305 1933 illis
1340 1904 1610 1946 congruens,
1662 1892 1788 1947 quod
1822 1891 1989 1933 Rhodo

285 1964 332 2004 in
367 1970 571 2005 museum
589 1964 838 2006 Parisinum
875 1965 1075 2006 delatum
1107 1971 1177 2006 est
1207 1964 1405 2017 (Louvre
1425 1966 1464 2006 A
1484 1967 1575 2008 396
1595 1961 1746 2021 Pom).
1782 1966 1991 2019 exempla

288 2038 473 2097 flabellis
507 2028 667 2081 ornata
717 2045 823 2081 sunt
855 2038 1132 2090 Florentina,
1167 2038 1429 2094 Virceburg.
1469 2041 1547 2097 717,
1583 2038 1736 2081 Micali
1769 2038 1895 2082 Men.
1930 2040 1989 2082 in.

289 2113 363 2164 27,
399 2114 443 2156 2.
493 2114 720 2156 accedunt
742 2114 975 2169 complura
1009 2127 1035 2155 a
1069 2113 1244 2156 Canina
1292 2113 1428 2167 (Veio
1459 2115 1547 2157 tab.
1571 2114 1643 2164 34,
1680 2112 1819 2169 1—5)
1852 2114 1991 2165 edita,

287 2201 477 2244 quorum
501 2189 594 2231 duo
617 2188 694 2230 loti
726 2189 885 2231 florum
915 2198 961 2230 et
983 2202 1173 2244 grypum
1207 2195 1255 2230 ut
1292 2188 1472 2231 uidetur
1504 2188 1710 2242 uestigia,
1734 2195 1779 2231 et
1812 2189 1994 2244 Petrop.

288 2263 377 2305 228
397 2275 449 2313 a,-
467 2262 592 2317 quod
625 2274 736 2304 aues
770 2268 986 2318 quattuor
1015 2263 1220 2318 praebet.

432 2337 529 2379 Iam
562 2337 623 2378 ad
655 2332 746 2379 eas'
769 2337 933 2379 formas
965 2343 1263 2387 transeamus,
1315 2350 1432 2392 quae
1483 2336 1727 2392 antiquiori
1776 2338 1861 2379 arti
1904 2338 1994 2379 iam

289 2418 429 2455 notae
463 2412 633 2456 deinde
666 2426 786 2456 noua
817 2425 999 2469 quoque
1033 2412 1262 2457 adhibitae
1297 2418 1435 2468 atque
1472 2413 1677 2455 excultae
1712 2418 1836 2456 sunt:
1882 2425 1993 2468 qua·

288 2499 386 2530 rum
417 2487 624 2542 exempla
657 2487 811 2530 omnia
843 2487 887 2529 in
919 2488 1016 2543 ipsa
1039 2487 1218 2530 Etruria
1254 2487 1388 2542 facta,
1427 2501 1521 2529 non
1545 2487 1726 2529 aliunde
1749 2487 1994 2543 importata

286 2575 391 2605 esse
422 2563 468 2604 in
499 2564 737 2619 propatulo
775 2569 874 2606 est:

435 2638 469 2681 I.
503 2638 765 2696 amphorae,
817 2640 878 2682 de
922 2652 1113 2695 quarum
1165 2639 1338 2694 origine
1388 2645 1527 2694 atque
1576 2638 1763 2680 historia
1811 2639 1996 2694 egregie

286 2713 569 2764 *Barnabeius
601 2711 749 2771 (Mon.
784 2721 875 2758 ant.
900 2715 969 2761 IV<
988 2710 1253 2773 232—235)
1289 2715 1410 2769 egit:
1445 2728 1608 2770 corpus
1642 2715 1884 2769 globosum
1910 2721 1996 2770 est,

437 2899 453 2927 ¹
482 2900 596 2949 quale
622 2901 788 2938 fulcrum
817 2913 839 2937 a
867 2902 1061 2949 Bissingio
1089 2903 1266 2939 Bonnam
1295 2902 1479 2945 delatum,
1509 2902 1617 2949 quod
1650 2902 1888 2938 ornamentis
1909 2913 1999 2937 con-

290 2970 366 3002 stat
392 2965 571 3014 palmulis
598 2966 823 3013 Phoeniciis
846 2966 1070 3005 simillimis,
1889 3005 1902 3008 ,

440 3029 458 3057 ²
480 3043 574 3080 prae
602 3033 745 3069 ceteris
772 3033 957 3070 memoria
984 3031 1147 3080 dignum
1177 3040 1234 3069 est
1263 3034 1429 3070 fulcrum
1456 3034 1679 3069 Dresdense
1707 3033 1804 3071 ibid.
1835 3034 1998 3082 editum,

289 3096 398 3146 quod
425 3097 586 3134 omnino
614 3109 702 3134 eum
731 3097 867 3148 figuris
903 3093 1131 3135 marmoreis
1170 3099 1287 3135 maris
1314 3099 1459 3146 Aegaei
1494 3097 1778 3146 antiquissimis
1819 3099 2001 3144 congruit

289 3167 403 3211 atque
431 3168 563 3212 aperte
591 3162 768 3200 Etruscis
797 3163 1100 3201 abiudicandum
1127 3170 1198 3202 est.
