2168 3573
996 224 1217 266 ,27-

242 357 429 404 'tantum'
459 359 621 403 iunctis
651 359 884 402 incedant.
942 356 1112 400 Thesei
1145 357 1343 412 denique
1376 363 1423 400 et
1445 356 1687 400 Minotauri
1721 361 1952 398 certamen

248 436 375 492 quod
409 436 580 487 attinet,
618 448 719 478 cum
753 434 920 477 lamina
953 446 1091 476 aurea
1115 429 1379 476 Corinthia¹
1410 429 1506 488 (AZ
1546 433 1664 476 1884
1700 432 1792 474 tab.
1825 427 1872 486 8)
1907 431 1953 471 in

249 509 636 568 cnmparationem
666 511 878 558 uocanda
911 516 995 565 est,
1051 516 1146 551 tum
1179 510 1283 550 lanx
1318 509 1448 550 rubra
1500 506 1650 550 formis
1684 506 1815 562 pictis
1871 507 1950 547 im·

246 591 400 643 pressa
423 585 519 644 (AZ
543 587 676 638 1884,
707 588 819 630 107:
846 585 902 629 cf.
934 577 1050 628 insra
1071 599 1114 641 p.
1141 582 1237 642 30),
1261 598 1379 641 quae
1403 585 1500 629 sola
1533 590 1714 641 praeter
1747 582 1952 638 hydriam

246 660 481 708 Ariadnen
514 663 713 718 glomum
747 668 981 704 tenentem
1013 661 1211 706 exhibet.

377 738 521 781 ·Vasa
555 744 710 780 nostra
743 737 900 793 quanti
930 737 1147 779 momenti
1182 737 1271 779 sint
1318 751 1454 780 nemo
1487 748 1581 778 non
1615 735 1756 778 uidet.
1782 737 1952 779 etenim

247 827 341 855 non
373 813 515 855 modo
549 811 679 855 huius
714 812 845 855 unius
865 812 1027 855 saltem
1063 812 1217 854 classis
1253 811 1471 866 originem
1506 810 1639 853 certis
1675 812 1951 867 argumentis

249 888 451 942 definire,
501 889 585 929 sed
618 884 756 934 etiam
813 901 894 943 per
927 888 1111 943 longum
1161 888 1378 942 temporis
1411 887 1605 941 spatium
1638 900 1728 942 qua
1775 887 1951 928 ratione

249 976 320 1006 ars
353 962 519 1006 Lesbia
552 964 743 1006 creuerit
793 969 932 1019 atque
977 954 1327 1019 degenerauerit
1378 962 1618 1005 obseruare
1652 962 1782 1005 licet:
1835 975 1952 1018 quae

249 1038 375 1082 initio
428 1039 613 1094 quidem
647 1036 786 1094 (saec.
821 1038 919 1091 Vll.
954 1039 1108 1081 medio
1142 1046 1188 1080 et
1222 1035 1312 1094 εκ.)
1347 1038 1481 1079 uariis
1513 1038 1748 1092 gaudebat
1793 1037 1953 1079 colori·

253 1115 335 1158 bus
382 1111 589 1172 speciose
626 1110 905 1170 compositis,
959 1114 1036 1171 qui
1071 1126 1173 1156 cum
1208 1113 1349 1156 fundo
1396 1126 1608 1156 uasorum
1640 1112 1768 1169 nigro
1817 1113 1952 1155 alter·

247 1197 407 1234 nantes
459 1204 648 1247 operum
698 1203 943 1233 aeneorum
998 1203 1116 1245 quae
1164 1189 1381 1232 intestina
1431 1189 1658 1241 dicuntur,
1708 1189 1950 1244 qualiaque

247 1272 502 1308 nostrorum
538 1267 809 1322 exemplaria
864 1266 1002 1308 fuisse
1036 1278 1216 1315 censeo,
1273 1265 1469 1321 speciem
1503 1265 1796 1321 praebebant.
1845 1278 1951 1306 mox

248 1354 371 1394 uero,
406 1354 506 1382 cum
542 1341 712 1383 facilius
747 1342 920 1383 colores
957 1341 1052 1383 illos
1085 1354 1365 1383 euanescere
1399 1340 1623 1397 uiderent,
1676 1353 1757 1382 usu
1794 1354 1951 1382 eorum

247 1416 389 1470 magis
440 1417 670 1473 magisque
723 1429 929 1472 represso
965 1416 1210 1471 anaglypta
1260 1421 1541 1469 ornamenta,
1591 1429 1709 1470 quae
1762 1421 1808 1457 et
1855 1415 1953 1470 ipsa

249 1491 496 1547 antiquitus
531 1491 595 1533 eis
629 1498 742 1534 nota
791 1503 889 1535 esse
922 1491 1148 1546 uidentur,
1198 1491 1317 1533 uasis
1367 1490 1599 1547 imponere
1649 1490 1770 1546 figuli
1801 1490 1953 1532 Lesbii

248 1573 522 1623 coeperunt:
558 1579 649 1622 quo
673 1566 843 1610 factum
867 1572 949 1617 est,
985 1573 1034 1609 ut
1068 1566 1272 1622 exceptis
1301 1573 1517 1621 quattuor
1543 1567 1763 1622 exemplis
1796 1574 1951 1608 uetus-

247 1643 427 1688 tissimis
477 1643 647 1685 nullum
697 1649 841 1685 exstet
891 1655 969 1684 uas
1017 1641 1234 1696 figuris
1286 1637 1416 1698 pictis
1472 1650 1695 1685 ornatum.
1732 1643 1949 1685 Etruscos

246 1732 356 1762 uero
389 1718 551 1774 figulos
601 1717 858 1773 speciosam
909 1717 1029 1760 illam
1062 1723 1205 1760 artem
1248 1717 1448 1760 imitatos
1493 1731 1597 1760 esse
1631 1732 1733 1760 cum
1783 1732 1866 1774 per
1901 1732 1949 1760 se

243 1794 477 1848 probabile
523 1793 593 1843 sit,
645 1799 739 1834 tum
774 1798 930 1848 aperte
979 1792 1316 1834 demonstratur
1364 1793 1483 1835 uasis
1535 1794 1716 1835 rubris
1765 1794 1949 1849 pictis

245 1869 306 1911 ad
339 1881 456 1924 quae
489 1868 578 1910 iam
617 1852 911 1910 transeamus.
1014 1868 1018 1872 '

394 1945 601 1986 Vidimus
632 1957 745 1986 uasa
789 1944 916 1999 nigra
947 1943 1139 1986 Etrusca
1172 1943 1397 1985 interdum
1431 1944 1617 1999 quidem
1651 1944 1782 1999 pictis
1816 1958 1944 1987 orna-

244 2021 410 2063 mentis
443 2020 660 2062 decorata
692 2032 810 2073 esse,
860 2032 1008 2074 neque
1042 2026 1194 2061 tamen
1227 2025 1396 2061 certam
1442 2020 1548 2062 artis
1582 2019 1804 2061 rationem
1836 2020 1946 2061 inde

244 2094 372 2138 effici.
406 2094 641 2137 rubrorum
675 2107 784 2136 uero
818 2107 939 2138 saec.
975 2093 1075 2138 VII.
1115 2108 1185 2137 ex.
1220 2108 1431 2149 magnam
1464 2094 1735 2137 offendimus
1769 2095 1945 2152 seriem,

247 2170 319 2213 cui
347 2176 616 2213 ornamenta
647 2170 929 2226 geometrica
977 2170 1099 2225 picta
1133 2170 1368 2213 sollemnia
1403 2177 1535 2212 sunt:
1588 2183 1706 2226 quae
1740 2184 1852 2213 uasa
1887 2172 1947 2213 ad

246 2245 457 2301 exempla
492 2245 672 2286 Graeca
704 2236 876 2300 cuprea
904 2245 1117 2290 confecta
1150 2258 1256 2287 esse
1290 2246 1496 2300 speciose
1532 2246 1825 2300 Barnabeius,
1872 2247 1948 2301 qui

246 2322 308 2364 de
340 2322 409 2364 his
442 2334 626 2376 quoque
660 2320 779 2364 uasis
809 2321 993 2376 egregie
1026 2321 1118 2377 egit
1151 2320 1294 2377 (Mon.
1328 2328 1420 2367 ant.
1458 2320 1520 2365 1V
1554 2319 1680 2379 235),
1738 2321 1946 2368 coniecit.

245 2395 417 2439 formae
450 2401 576 2439 certo
612 2394 820 2438 Graecae
862 2401 982 2446 sunt,
1025 2396 1124 2452 ipsa
1162 2408 1272 2439 uasa
1310 2396 1531 2440 Etruscae
1567 2397 1761 2453 originis.
1812 2404 1950 2454 atque

247 2486 351 2515 cum
384 2473 561 2514 eisdem
595 2472 873 2528 temporibus
907 2479 955 2514 et
987 2486 1100 2515 uasa
1133 2473 1268 2514 rubra
1303 2472 1458 2516 formis
1493 2474 1755 2530 cylindratis
1790 2481 1950 2517 ornata

245 2545 383 2604 (‚‚red
406 2544 575 2603 ware“)
611 2560 637 2589 e
660 2546 830 2603 Magna
855 2546 1058 2604 Graecia,
1081 2554 1129 2590 et
1151 2547 1301 2591 Lesbo
1327 2562 1435 2592 uasa
1468 2550 1594 2605 nigra
1630 2549 1751 2605 picta
1783 2550 1947 2605 impor-

248 2627 461 2680 farentur,
494 2623 617 2679 figuli
651 2623 830 2665 Etrusci
863 2623 977 2666 haec
1013 2624 1166 2667 omnia
1199 2638 1256 2667 ea
1302 2625 1477 2667 ratione
1512 2625 1946 2677 contaminauerunt,

246 2705 296 2741 ut
351 2700 409 2740 ab
442 2698 526 2740 illis
560 2697 742 2753 formas,
792 2699 850 2741 ab
884 2699 952 2743 his
1003 2700 1167 2754 figuras
1222 2707 1358 2755 atque
1414 2708 1683 2744 ornamenta
1735 2701 1949 2745 nonnulla

247 2770 433 2828 (additis
482 2773 718 2815 elementis
752 2773 937 2816 aliunde
986 2775 1204 2830 acceptis)
1252 2777 1563 2830 desumerent,
1610 2781 1745 2830 atque
1797 2776 1947 2818 colore

244 2850 348 2892 albo
397 2849 487 2891 iam
519 2855 630 2891 noto
682 2851 752 2892 usi
791 2864 901 2893 uasa
934 2851 1167 2893 efficerent
1207 2851 1339 2894 rubra
1388 2851 1538 2906 figuris
1572 2851 1705 2906 picta,
1755 2865 1947 2907 quorum

242 3023 347 3059 mina
374 3034 487 3059 aurea
516 3022 720 3060 Corinthia
757 3022 843 3072 (AZ
873 3024 977 3063 1884
1005 3026 1083 3064 tab.
1113 3024 1167 3074 8),
1213 3026 1344 3071 fragm.
1390 3032 1515 3061 terrae
1558 3025 1695 3061 rubrae
1727 3025 1944 3061 Tarentino

242 3090 335 3127 Gaz.
365 3088 470 3126 arch.
502 3086 661 3139 1881s2‚
689 3088 778 3139 183,
809 3089 859 3127 al.

398 3151 413 3179 ¹
440 3154 482 3190 in
507 3153 594 3191 aliis
620 3154 773 3192 laminis
815 3166 905 3192 cum
942 3155 1012 3192 illa
1044 3156 1140 3193 olim
1181 3156 1399 3193 coniunctis
1443 3156 1586 3194 chorus
1631 3163 1670 3193 et
1711 3157 1806 3204 biga
1849 3158 1946 3195 duas

241 3231 430 3268 personas
463 3221 589 3258 ferens
618 3232 800 3269 expressa
828 3227 930 3271 sunt,
959 3222 1122 3271 hydriae
1152 3223 1306 3260 similia.
