2168 3573
1020 219 1242 265 -31—

283 357 546 402 lineolarum
581 357 702 415 picta
736 363 818 409 est,
867 355 1325 412 incollo'panthera
1358 361 1403 398 et
1438 355 1527 407 leo,
1579 361 1852 398 ornamento
1886 356 1987 398 reti-

282 434 449 490 culato,
484 435 609 490 quod
643 434 687 476 in
721 434 842 476 ansis
876 445 1058 489 quoque
1089 439 1249 489 exstat,
1283 432 1431 489 diuisi,
1473 433 1515 474 in
1552 432 1738 474 humero
1774 433 1989 488 palmula—

284 523 380 552 rum
436 509 798 560 Phoen'iciarum,
847 509 894 551 in
943 515 1099 551 uentre
1149 509 1408 551 animalium
1459 504 1605 550 zona1
1654 507 1797 551 fasciis
1846 509 1989 565 plexis

283 586 432 628 cincta
481 593 528 628 et
575 585 783 640 lineolae,
820 576 999 628 >deinde
1049 584 1094 626 in
1144 584 1352 627 inferiore
1403 584 1569 627 uentris
1615 590 1743 640 parte
1790 585 1988 627 semicir-

283 662 370 704 culi
419 662 586 704 eodem
633 667 791 704 centro
837 661 1047 717 descripti
1098 667 1234 716 atque
1282 661 1464 704 bernice
1516 660 1562 702 in
1612 661 1754 702 fundo
1804 661 1986 715 argillae

281 736 403 792 picti.
451 736 654 791 sequitur
686 736 825 779 fascia
856 736 1062 787 hernicis,
1107 736 1176 779 cui
1224 736 1417 779 lineolae
1466 743 1512 777 et
1559 742 1728 791 puncta
1775 736 1986 790 imposita

282 818 412 855 sunt:
461 824 578 866 quae
613 811 764 853 omnia
802 811 863 854 ad
896 812 1138 867 exemplar,
1188 812 1335 867 qualia
1366 811 1612 866 amphorae
1641 811 1740 853 illae
1774 810 1985 866 Lesbiae,

283 892 440 942 aperte
474 899 689 941 expressa
723 893 855 942 sunt;
889 893 1027 942 atque
1059 886 1158 929 cum
1190 892 1285 929 arte
1319 893 1366 928 et
1395 887 1547 929 colore
1581 886 1682 927 albo
1716 899 1818 927 cum
1843 885 1985 926 rubris

281 961 413 1018 pictis
447 974 528 1004 uas
563 960 861 1004 Oruietanum
894 962 1078 1005 omnino
1117 967 1349 1018 congruat,
1381 960 1691 1017 grauissimum
1725 966 1795 1002 est
1830 960 1985 1021 uincu-

283 1037 388 1086 lum,
436 1049 528 1091 quo
559 1043 749 1091 utraque
783 1049 990 1079 uasorum
1023 1037 1172 1079 classis
1205 1037 1507 1090 coniungitur.
1542 1049 1599 1076 eo
1635 1049 1743 1076 uero
1780 1036 1853 1075 uel
1886 1048 1986 1088 gra-

283 1110 419 1154 uioris
453 1111 671 1154 momenti
705 1110 766 1162 fit,
802 1112 926 1168 quod
951 1111 1113 1167 figulus
1147 1112 1344 1155 colorem
1395 1123 1575 1166 quoque
1612 1122 1820 1153 uasorum
1873 1109 1988 1151 Les-

284 1185 459 1228 biorum
495 1187 694 1229 imitatus
728 1201 819 1229 non
854 1187 951 1230 uasi
986 1188 1120 1229 rubro
1151 1187 1350 1242 expolito
1402 1187 1473 1228 uel
1518 1186 1787 1227 indumento
1819 1191 1941 1226 tecto
1954 1182 2001 1238 2,

279 1262 361 1302 sed
391 1262 460 1303 be
478 1275 544 1303 rn
562 1262 576 1304 i
595 1276 620 1304 c
638 1277 664 1304 e
693 1263 754 1304 in
773 1263 848 1304 du
870 1269 930 1304 ct
949 1276 977 1304 o
1013 1267 1277 1304 ornamenta
1311 1260 1538 1316 imposuit.

428 1336 579 1393 Atque
629 1337 728 1380 nasi
762 1336 1011 1381 Oruietano
1046 1337 1411 1391 subiungendam
1457 1349 1558 1378 esse
1605 1336 1713 1378 duxi
1748 1335 1984 1390 amphora-

279 1423 374 1452 rum
407 1411 582 1467 seriem,
616 1426 735 1467 quae
765 1419 811 1454 et
843 1413 986 1455 forma
1020 1426 1045 1454 e
1078 1411 1205 1467 pitho
1240 1412 1447 1453 deriuata
1480 1417 1527 1452 et
1557 1411 1834 1453 ornamentis
1870 1425 1985 1452 non-

279 1485 408 1528 nullis
433 1499 535 1528 cum
559 1486 633 1529 illo
655 1493 794 1543 atque
813 1499 914 1530 cum
937 1486 1163 1543 amphoris
1187 1486 1362 1529 Lesbiis
1387 1492 1654 1543 congruunt,
1680 1499 1735 1527 ea
1772 1499 1882 1528 uero
1916 1499 1985 1527 ra-

282 1561 405 1603 tione
439 1568 628 1604 ornatae
662 1570 780 1617 sunt,
831 1570 880 1605 ut
913 1563 1170 1605 animalium
1203 1576 1345 1605 zonae
1398 1569 1487 1604 tres
1521 1563 1592 1604 uel
1627 1568 1836 1617 quattuor
1884 1562 1985 1603 ber-

279 1636 380 1680 nice
425 1637 472 1680 in'
521 1638 678 1693 argilla
727 1638 878 1695 pictae
926 1645 1294 1682 ornamentorum
1348 1638 1473 1682 zonis
1527 1635 1695 1694 (fasciis
1745 1638 1888 1693 plexis
1938 1644 1984 1680 et

222 1770 224 1773 Ι
277 1713 496 1768 squamis)
549 1713 825 1769 diuidantur‚
875 1728 994 1770 quae
1043 1713 1090 1756 in
1139 1715 1319 1756 bernice
1372 1715 1544 1770 scalpta
1592 1721 1707 1765 sunt,
1758 1715 1983 1756 coloribus

278 1788 410 1831 rubro
444 1794 490 1830 et
523 1788 627 1832 albo
656 1788 889 1846 impositis.
924 1790 971 1833 in
1005 1790 1095 1833 imo
1128 1796 1288 1834 uentre
1311 1796 1356 1833 et
1390 1790 1435 1832 in
1469 1790 1590 1846 pede
1614 1789 1775 1832 bacilla
1800 1795 1983 1832 exstant

275 1861 446 1923 scalpta
481 1876 656 1906 sursum
686 1877 927 1909 conuersa.
1856 1871 1861 1873 ’

425 1937 574 1981 Huius
613 1939 779 1995 classis,
828 1954 965 1997 quam
1009 1955 1123 1985 unus
1171 1941 1323 1985 adhuc
1358 1940 1693 1984 Loeschckeius
1728 1937 1835 1995 (AM
1869 1939 1979 1981 XIX

277 2011 391 2066 511)
427 2015 813 2066 commemorauit,
841 2023 1019 2071 praeter
1051 2018 1258 2073 exempla
1293 2016 1632 2072 Petropolitana
1673 2014 1759 2070 (nr.
1793 2017 1867 2069 44,
1903 2017 1977 2065 51,

276 2085 353 2145 81)
396 2093 442 2128 et
492 2087 692 2130 Parisina
743 2088 860 2141 (Cat'.
899 2090 1134 2146 Campana
1165 2091 1185 2132 I
1219 2093 1293 2142 83,
1343 2089 1419 2146 84)
1467 2091 1779 2132 Florentinum
1831 2097 1982 2131 exstat

276 2161 515 2217 optimum3
565 2163 745 2206 accedit
778 2163 946 2208 Veiens
982 2179 1010 2209 a
1044 2165 1218 2210 Canina
1269 2166 1403 2223 (Veio
1440 2164 1518 2222 35)
1554 2166 1739 2222 editum,
1792 2165 1918 2221 quod
1953 2178 1979 2205 a

274 2236 435 2279 ceteris
469 2246 708 2280 secernere
755 2239 937 2282 minime
986 2241 1103 2292 licet,
1159 2255 1431 2297 quamquam
1475 2242 1520 2283 in
1567 2240 1760 2283 bemicis
1812 2239 1978 2292 fasciis,

273 2311 439 2368 quibus
473 2313 733 2356 animalium
766 2328 912 2358 zonae
946 2316 1223 2373 diuiduntur,
1261 2323 1527 2360 ornamenta
1562 2317 1736 2373 scalpta
1769 2329 1861 2357 non
1897 2329 1976 2371 ap-

214 2400 217 2403 ’
274 2393 450 2441 parent.
484 2387 666 2431 Veienti
689 2402 798 2432 uero
821 2390 1070 2434 simillimae
1100 2398 1206 2434 sunt
1227 2392 1743 2448 amphoraenonnullae
1765 2404 1974 2446 magnae,

276 2460 453 2504 Romae
486 2469 534 2506 et
570 2462 757 2506 Corneti
789 2465 1076 2523 adseruatae,
1109 2480 1299 2524 quarum
1334 2481 1470 2509 unam
1515 2466 1793 2510 Barnabeius
1834 2463 1977 2521 (Mon.

417 2570 433 2599 ²
466 2574 653 2623 sphinges
685 2575 783 2613 duae
810 2577 996 2626 capitibus
1034 2577 1214 2615 humanis
1252 2577 1466 2616 admodum
1505 2577 1748 2627 informibus,
1791 2577 1903 2613 collis
1943 2584 1979 2612 et

274 2638 349 2676 alis
368 2641 577 2678 recuruatis
597 2642 833 2692 uirgatisque
851 2644 1057 2693 praeditae,
1089 2645 1177 2693 equi
1193 2645 1285 2689 duo,
1313 2645 1500 2694 panthera
1528 2649 1609 2680 toto
1631 2655 1796 2692 corpore
1823 2644 1979 2692 punctis

276 2710 397 2744 tecta:
442 2712 581 2743 cuncta
609 2708 733 2746 dextr.
762 2721 883 2753 uersa,
918 2711 958 2746 id
987 2711 1093 2759 quod
1109 2711 1211 2747 'huic
1239 2711 1355 2747 classi
1383 2711 1583 2759 peculiare
1613 2715 1682 2758 est,
1712 2710 1813 2746 sicut
1841 2710 1882 2745 in
1913 2722 1978 2746 ua-

273 2770 327 2807 sis
355 2767 515 2810 Ionicis*
535 2785 557 2809 a
585 2773 835 2812 Duemmlero
864 2763 970 2824 (RM
983 2776 1040 2824 ΙΙ)
1069 2775 1260 2814 conlectis
1289 2776 1431 2814 sinistr.
1461 2774 1644 2812 animalia
1673 2787 1863 2811 conuersa
1891 2786 1978 2812 esse

271 2836 410 2875 solent.

391 2899 436 2927 ·2
462 2913 547 2940 cum
589 2905 693 2942 uasis
734 2907 862 2943 rubris
908 2907 1181 2954 coniungenda
1224 2912 1284 2944 est
1325 2907 1510 2955 amphora
1535 2907 1666 2943 Narce
1699 2911 1808 2942 eruta
1848 2906 1978 2954 (Mon.

271 2972 350 3006 ant.
379 2968 440 3005 IV
467 2962 595 3021 267),⁴
621 2976 804 3019 quattuor
837 2973 940 3010 ansis
982 2973 1177 3018 instructa,
1223 2985 1322 3022 quae
1365 2972 1498 3009 colore
1532 2973 1649 3008 rubro
1677 2972 1718 3008 in
1746 2972 1976 3009 indumento

269 3032 364 3069 albo
394 3035 519 3081 pictos
548 3035 666 3085 (quae
693 3038 793 3075 ratio
821 3040 926 3075 uasis
954 3039 1187 3076 ornamentis
1216 3039 1463 3085 geometricis
1494 3038 1686 3074 decoratis
1713 3038 1980 3087 compluribus

269 3097 502 3147 illustratur)
545 3113 687 3150 equum
721 3102 879 3141 exhibet
905 3104 965 3141 cui
1006 3091 1275 3153 auis-insidet,
1318 3109 1357 3140 et
1398 3114 1553 3140 ceruum
1595 3115 1710 3151 supra
1751 3116 1828 3151 quo
1870 3104 1981 3141 hasta

269 3164 399 3203 uolat:
445 3172 484 3202 at
512 3178 596 3204 cum
633 3169 701 3217 qui
733 3169 885 3207 hastam
929 3172 1142 3208 uibrauerit
1182 3184 1260 3208 non
1301 3177 1497 3220 appareat,
1539 3183 1585 3206 ex
1631 3170 1711 3206 alio
1740 3182 1836 3206 uase
1866 3171 1979 3218 quasi

267 3236 441 3279 excerpta
466 3233 563 3271 haec
592 3247 678 3272 esse
705 3237 897 3276 uidemus.
