2168 3573
996 224 1223 266 —33—

242 341 446 419 ,repertis
479 360 813 419 comprobetur,
848 359 1000 402 donec
1045 372 1162 402 saec.
1196 358 1277 403 VI.
1313 358 1371 403 in.
1408 357 1684 414 frequentior
1712 369 1864 399 rursus
1888 355 1970 398 ad·-

259 435 402 479 hibita
438 441 519 479 est.
551 465 553 467 -

409 510 514 554 Hoc
548 512 668 555 enim
719 525 832 555 aeuo
859 511 1000 569 >figuli
1036 510 1329 562 Naucratitae
1381 516 1609 554 uetustam
1657 510 1776 553 illam
1827 515 1971 551 artem

262 586 640 641 redintegrarunt‚
691 587 754 630 ita
789 586 989 642 quidem,
1028 592 1078 628 ut
1111 586 1371 628 interiorem
1404 599 1617 628 uasorum
1649 592 1823 640 partem
1859 598 1970 628 uasa

258 661 386 716 nigra
418 661 540 717 picta
573 663 842 719 Lesbiorum
876 662 1037 704 imitati
1071 662 1350 705 ornamentis
1387 662 1530 704 rubris
1571 668 1618 704 et
1651 661 1764 703 albis
1798 661 1968 703 bernici

259 736 481 792 impositis
515 738 798 789 decorarent,
852 737 1121 780 exteriorem
1155 750 1279 788 uero,
1315 737 1516 780 Milesios
1552 737 1709 788 secuti,
1767 737 1967 780 animali-

260 812 344 874 bus
382 819 593 869 ornarent
626 814 808 859 bernice
842 813 887 854 in
920 814 1186 855 indumento
1213 814 1318 855 albo
1342 813 1485 868 pictis.
1521 814 1688 855 mixtae
1712 814 1825 855 illius
1861 813 1968 855 artis

260 888 467 950 exempla
500 894 548 930 et
580 901 660 944 per
693 900 742 930 se
777 888 1011 945 probabile
1046 894 1115 931 est
1148 882 1193 929 in
1228 888 1328 944 ipsa
1362 887 1593 945 Naucrati,
1629 901 1720 943 quo
1756 893 1825 929 tot
1857 894 1968 931 tam-

261 976 349 1018 que
384 964 788 1018 diuersaegentes
821 964 1128 1019 confluebant,
1181 964 1303 1005 facta
1337 977 1453 1013 esse,
1506 969 1552 1003 et
1605 964 1969 1017 inscriptionibus

260 1037 477 1093 probatur
524 1038 669 1094 pictis,
722 1038 881 1093 quibus
916 1037 1087 1081 Veneri
1121 1037 1414 1080 Naucratitae
1461 1037 1569 1080 talia
1609 1050 1721 1080 uasa
1752 1037 1971 1079 nonnulla

262 1096 535 1153 ‘dedicantur
551 1109 581 1155 ¹.
635 1113 778 1154 forma
811 1113 914 1154 huic
963 1113 1047 1154 arti
1092 1112 1331 1167 peculiaris
1385 1111 1603 1166 poculum
1655 1118 1727 1152 est
1780 1125 1970 1167 corpore

262 1199 418 1241 paruo,
454 1186 578 1228 labro
601 1199 852 1244 permagno
870 1186 1164 1243 instructum,
1203 1186 1327 1241 quod
1361 1200 1387 1228 e
1419 1191 1606 1241 paterae
1641 1184 1785 1229 forma
1811 1186 1969 1228 Ionica

263 1261 392 1318 quasi
415 1261 673 1303 excreuisse
707 1261 886 1305 dixeris.
926 1267 1195 1304 ornamenta
1217 1261 1334 1316 parti
1367 1261 1566 1302 interiori
1600 1261 1835 1304 sollemnia
1868 1269 1972 1304 sunt

265 1337 343 1379 loti
376 1336 508 1380 flores
543 1343 587 1379 et
625 1337 815 1393 calyces,
849 1337 1091 1393 palmulae,
1128 1349 1260 1379 rosae
1291 1336 1462 1380 circulis
1489 1336 1753 1392 plerumque
1786 1338 1970 1393 inscrip-

261 1419 351 1470 tae,
406 1426 748 1468 nonnumquam
804 1413 933 1457 melis
989 1412 1188 1467 granatis
1247 1412 1423 1455 cinctae
1441 1409 1471 1456 ².
1529 1413 1710 1454 accedit
1766 1413 1972 1455 eiusdem

263 1487 433 1530 formae
467 1480 679 1544 poculum
703 1487 873 1531 Camiri
902 1494 1079 1531 erutum
1115 1485 1313 1543 (Louvre
1348 1487 1389 1529 A
1423 1489 1527 1532 330.
1564 1488 1805 1531 Salzmann
1840 1489 1967 1531 38:

262 1561 377 1606 Mus.
412 1562 574 1619 Napol.
614 1560 707 1621 12),
759 1563 840 1606 loti
872 1564 1055 1606 floribus
1090 1551 1136 1605 et
1170 1563 1400 1619 calycibus
1439 1569 1676 1607 ornatum:
1733 1570 1973 1619 praeterea

263 1638 493 1694 Petropoli
550 1640 818 1693 fragmenta,
857 1640 1094 1682 adseruari
1148 1639 1383 1691 simillima,
1443 1639 1572 1687 rosis,
1628 1652 1972 1694 nonnumquam

262 1714 387 1757 melis
442 1714 644 1770 granatis
695 1714 870 1767 cinctis,
930 1720 1091 1758 ornata
1142 1713 1477 1757 Loeschckeius
1533 1714 1735 1770 benigne
1790 1728 1970 1758 mecum

262 1791 642 1833 communicauit:
693 1803 810 1846 quae
866 1791 909 1832 in
944 1790 1079 1833 Ponti
1111 1790 1277 1833 Euxini
1324 1790 1412 1832 oris
1447 1797 1628 1846 reperta
1678 1797 1783 1833 sunt
1814 1791 1971 1835 Mileto

261 1872 310 1908 ut
344 1865 526 1908 uidetur
558 1867 769 1910 aduecta.

409 1941 535 1984 Vasa
584 1943 643 1983 de
693 1942 855 1998 quibus
903 1942 1080 1997 egimus
1133 1949 1180 1984 et
1219 1943 1471 1999 Mycenaea
1518 1950 1565 1986 et
1596 1944 1774 1987 Milesia
1827 1950 1964 2000 atque

263 2015 567 2060 Naucratitica
617 2018 845 2060 coloribus
901 2024 1080 2059 tantum
1135 2025 1297 2060 ornata
1349 2025 1468 2069 sunt,
1525 2020 1750 2074 scalptura
1800 2027 1967 2062 carent.

262 2091 308 2133 in
341 2091 441 2147 ipsa
483 2105 594 2134 uero
627 2091 843 2135 Naucrati
872 2092 1011 2135 aliam
1043 2105 1229 2149 quoque
1280 2093 1499 2148 pingendi
1531 2094 1756 2136 rationem
1806 2095 1969 2150 depre-

263 2166 514 2223 hendimus,
551 2179 639 2222 qua
672 2154 717 2207 in
749 2167 932 2208 bernice
966 2168 1056 2209 iam
1089 2181 1182 2209 non
1215 2168 1362 2223 picea,
1415 2168 1560 2222 qualis
1594 2169 1774 2211 alterius
1813 2169 1969 2210 classis

261 2242 441 2298 propria
475 2248 558 2296 est,
594 2242 680 2284 sed
713 2241 841 2284 fusca
891 2248 1162 2285 ornamenta
1200 2243 1392 2284 lineis
1446 2243 1690 2298 scalptis
1742 2243 1969 2298 descripta

264 2324 310 2360 et
344 2318 495 2361 colore
528 2317 662 2360 rubro
693 2329 795 2359 cum
845 2317 1030 2360 bernice
1063 2317 1320 2360 alternante
1347 2323 1469 2359 tecta
1504 2324 1621 2362 sunt.
1674 2324 1813 2374 atque
1851 2317 1988 2370 hanc>

262 2408 446 2451 quoque
484 2393 705 2439 rationem
748 2393 946 2448 interiori
1005 2392 1125 2435 uasis
1171 2393 1293 2449 parti.
1318 2392 1609 2436 Naucratitae
1642 2393 1969 2437 reseruabant:

268 2476 454 2530 paterae
480 2475 584 2515 sunt
616 2469 753 2525 globo
778 2468 1016 2511 dimidiato
1035 2468 1224 2519 similes,
1257 2480 1369 2524 quas
1400 2468 1444 2510 in
1472 2467 1571 2524 ipsa
1595 2467 1807 2511 Naucrati
1840 2467 1967 2510 fictas

273 2558 372 2589 esse
407 2544 768 2602 inscriptionibus
801 2542 933 2600 pictis
968 2544 1202 2601 docemur,
1243 2549 1289 2585 et
1321 2544 1449 2599 ipsae
1481 2542 1785 2586 mixtae-artis
1818 2555 1968 2584 exem-

265 2620 353 2676 pla,
387 2632 487 2661 cum
507 2619 718 2661 'exterior
751 2632 854 2676 pars
890 2618 1147 2662 animalium
1181 2631 1319 2660 zonas
1354 2618 1569 2660 exhibeat
1601 2624 1648 2660 et
1681 2618 1889 2660 Milesiae
1923 2624 1970 2658 et

273 2693 533 2737 Corinthiae
579 2694 685 2736 artis
730 2694 777 2736 in
827 2694 1002 2737 eisdem
1051 2694 1172 2736 uasis
1205 2694 1484 2746 coniunctas,
1531 2693 1715 2736 interior
1747 2707 1838 2750 qua
1861 2693 1974 2735 dixi·

269 2781 368 2812 mus
418 2768 595 2812 ratione
628 2776 995 2813 ornamentorum
1044 2769 1166 2812 zonis
1200 2769 1413 2825 insignita
1446 2770 1516 2824 sit,
1568 2768 1735 2812 bacillis
1783 2769 1970 2821 scilicet,

272 2851 547 2901 punctorum
577 2846 702 2901 rosis,
754 2847 835 2889 loti
883 2847 1067 2890 floribus
1116 2853 1163 2889 et
1196 2847 1435 2903 calycibus,
1487 2847 1698 2902 denique,
1751 2846 1798 2888 id
1848 2847 1976 2901 quod

417 2993 432 3020 ¹
459 3002 588 3033 tamen
614 2996 691 3033 iam
718 2996 828 3045 ipsos
850 2995 1027 3033 Milesios
1047 2996 1142 3033 talia
1164 3007 1259 3032 uasa
1279 2995 1493 3033 fabricasse
1512 2996 1719 3044 probabile
1740 3002 1811 3044 est,
1829 2997 1976 3045 quippe

267 3061 335 3110 qui
364 3073 451 3099 cum
479 3063 638 3099 Lesbiis
671 3062 738 3099 uel
764 3067 971 3111 antequam
1008 3062 1061 3100 ad
1088 3062 1315 3098 Naucratim
1357 3062 1547 3099 coloniam
1583 3063 1855 3099 deducendam
1893 3062 1975 3098 illis

244 3139 309 3173 >se
337 3128 603 3177 adiungerent,
632 3129 865 3166 commercio
895 3129 1172 3166 florentissimo
1204 3133 1514 3166 conecterentur.

413 3191 432 3220 2
457 3195 669 3232 Naukratis
698 3196 718 3231 Ι
744 3195 821 3233 tab.
852 3193 891 3244 5,
922 3194 1066 3241 1—10,
1094 3194 1186 3230 IHS
1214 3195 1292 3232 tab.
1321 3193 1391 3233 79;
1432 3194 1538 3230 idem
1577 3198 1841 3230 ornamentum
1873 3205 1906 3231 e.
1937 3204 1973 3239 g.

266 3260 306 3296 in
335 3258 440 3298 disco
469 3258 537 3310 qui
566 3259 776 3310 Euphorbi
806 3260 949 3298 dicitur
978 3260 1201 3311 (Salzmann
1229 3261 1309 3299 tab.
1339 3259 1406 3309 53)
1437 3260 1618 3297 cernitur.

1727 3338 1751 3375 3
