2168 3573
992 231 1210 295 -12-7
1851 217 1960 262 N*

244 366 318 406 illo
355 365 586 420 peculiari,
635 364 720 405 nisi
753 364 878 419 quod
911 363 956 404 in
1001 348 1220 417 argenteo
1258 363 1542 405 humiliorem
1594 364 1742 407 locum
1777 364 1957 417 flabella

246 441 471 485 obtinent.
524 438 644 498 fictili
678 452 784 481 uero
819 436 988 493 scypho
1021 451 1205 494 prorsus
1241 437 1394 480 similis
1427 437 1575 481 Narce
1626 445 1780 482 erutus
1814 438 1958 488 (Mon.

245 522 337 558 ant.
375 514 439 556 IV
476 515 600 567 306),
651 514 823 567 tertius,
881 513 1047 554 lamina
1097 519 1318 568 argentea
1367 513 1606 555 introrsum
1639 515 1881 564 obductus,
1931 529 1957 557 e

247 603 416 645 magno
468 589 675 645 sepulcro
711 587 971 631 Caeretano
1021 588 1067 631 in
1117 602 1319 632 museum
1370 588 1704 645 Gregorianum
1747 587 1810 643 (ΙΙ
1846 586 1956 647 103)

248 666 429 706 delatus
463 671 546 705 est.
582 677 699 718 quae
732 677 845 704 uasa
879 664 1046 717 omnia,
1101 664 1137 705 si
1172 664 1283 720 quid
1321 664 1472 720 uideo,
1523 664 1723 706 Etruscis
1773 678 1956 720 prorsus

246 740 552 782 abiudicanda
574 744 700 782 sunt:
747 744 884 793 atque
908 752 1010 781 cum
1035 745 1354 781 ornamentum
1389 739 1500 781 illud
1523 739 1703 783 flabello
1735 740 1877 788 simile
1912 746 1958 783 et

246 828 349 871 pars
396 815 503 869 eius,
564 827 700 870 quam
755 814 980 857 flabellum
1037 814 1320 858 dimidiatum
1373 815 1594 872 dicamus,
1644 815 1765 859 uasis
1816 814 1956 872 nigris

243 891 423 945 scalptis
458 890 699 944 peculiaria
738 890 841 943 sint,
899 903 926 932 a
959 890 1132 945 scypho
1166 891 1240 932 illo
1275 896 1509 945 argenteo,
1562 903 1698 945 quem
1731 891 1957 934 Etruscae

248 965 431 1020 originis
469 972 593 1007 certo
628 979 722 1007 non
760 978 861 1007 esse
896 964 1167 1020 uidebimus,
1222 977 1334 1007 uasa
1367 971 1525 1007 nostra
1558 965 1737 1020 seiungi
1770 966 1957 1008 omnino

245 1054 339 1082 non
386 1052 524 1094 posse
576 1052 759 1081 censeo.
814 1052 920 1081 mox
970 1051 1081 1080 uero
1114 1038 1292 1081 Etrusci
1341 1044 1433 1080 tam
1464 1040 1584 1081 bene
1641 1044 1786 1082 artem
1837 1039 1958 1083 illam

245 1115 404 1156 imitati
461 1121 579 1168 sunt,
630 1121 679 1156 ut
724 1127 863 1169 saepe
912 1114 958 1156 in
993 1114 1181 1170 singulis
1235 1115 1451 1170 exemplis
1501 1114 1626 1157 dubii
1675 1114 1957 1166 haereamus,

245 1190 413 1244 ipsisne
449 1203 508 1230 an
543 1189 731 1231 Graecis
775 1189 1018 1230 tribuenda
1052 1189 1155 1233 sint.
1215 1202 1349 1243 quam
1383 1190 1444 1230 ad
1472 1201 1566 1230 rem
1615 1189 1955 1232 diiudicandam

249 1263 429 1306 maximi
453 1263 672 1306 momenti
697 1270 804 1306 sunt
831 1263 1015 1319 formae,
1039 1263 1255 1318 quoniam
1280 1263 1484 1307 Graecas
1518 1263 1683 1307 formas
1707 1269 1753 1307 et
1776 1263 1956 1307 Graeco

250 1338 386 1393 figulo
411 1339 606 1380 tribuere
633 1339 732 1381 licet
756 1345 804 1380 et
826 1338 1084 1394 indigenae,
1120 1339 1225 1381 huic
1251 1344 1426 1381 tantum
1455 1338 1561 1381 artis
1584 1338 1806 1381 Etruscae
1839 1339 1954 1381 anti-

245 1414 413 1469 quioris
466 1415 686 1470 proprias.
736 1415 832 1456 illas
867 1414 1000 1469 igitur
1050 1414 1215 1456 formas
1250 1414 1392 1469 primo
1446 1415 1544 1456 loco
1578 1414 1667 1457 iam
1716 1427 1956 1457 enumere-

245 1503 343 1533 mus
360 1486 376 1517 1
399 1506 407 1534 :

395 1565 425 1608 Ι.
482 1565 638 1620 scyphi
697 1565 869 1606 formae
930 1564 1335 1620 protocorinthiae,
1396 1577 1587 1620 quorum
1645 1564 1804 1620 optimi
1865 1564 1955 1607 iam

252 1641 594 1682 commemorati
615 1647 732 1685 sunt.
768 1642 995 1682 accedunt
1020 1640 1267 1682 Cornetani
1297 1641 1388 1682 duo
1415 1637 1540 1696 (Not.
1575 1641 1620 1683 d.
1645 1640 1714 1684 Sc.
1743 1637 1957 1695 1890,74)

245 1721 292 1757 et
324 1714 589 1758 Vindobon.
629 1715 873 1758 181—183
901 1714 1047 1758 Masn.

397 1790 451 1832 ΙΙ.
472 1795 656 1844 paterae
682 1789 853 1831 formae
869 1789 1131 1832 Corinthiae
1150 1789 1270 1831 ansis
1293 1788 1409 1830 binis
1429 1772 1727 1832 instructae²z
1748 1789 1957 1844 exempla

245 1870 351 1906 sunt
388 1864 532 1908 Berol.
584 1865 891 1908 1506—1510
948 1871 994 1906 et
1025 1864 1290 1908 Vindobon.
1329 1864 1444 1908 185:
1494 1863 1672 1906 accedit
1721 1864 1955 1920 egregium
2003 1856 2018 1863 ⁹

243 1939 388 1982 Narce
425 1946 603 1982 erutum
636 1939 782 1993 (Mon.
817 1946 909 1984 ant.
944 1939 1009 1981 IV
1044 1935 1170 1996 330),
1226 1953 1320 1983 non
1354 1939 1542 1982 flabellis
1575 1940 1658 1982 sed
1693 1954 1810 1982 zona
1841 1940 1953 1994 figu-

244 2030 392 2058 rarum
427 2022 667 2059 ornatum:
703 2016 842 2058 homo
877 2029 1062 2058 ceruum
1095 2015 1227 2058 hasta
1262 2028 1513 2071 permagna
1548 2015 1750 2070 adortus,
1798 2027 1955 2069 equus,

241 2091 362 2132 ulula
414 2092 639 2147 palmulae
675 2091 903 2146 insedens,
956 2092 1028 2133 leo
1065 2091 1171 2133 iuba
1222 2091 1283 2132 ad
1317 2091 1511 2133 caudam
1545 2103 1690 2145 usque
1738 2095 1955 2146 protensa

242 2173 441 2221 ornatus,
479 2167 556 2222 qui
591 2180 692 2209 crus
726 2167 974 2210 humanum
1006 2166 1209 2209 faucibus
1248 2172 1390 2210 tenet.
1434 2166 1493 2208 de
1523 2165 1611 2208 hoc
1642 2179 1770 2220 uase,
1823 2178 1953 2220 prae-

241 2248 365 2284 terea
396 2243 686 2298 inscriptione
720 2242 909 2285 Etrusca
942 2243 1174 2298 insignito,
1210 2242 1326 2284 infra
1360 2241 1500 2284 fusius
1534 2230 1733 2295 agetur(

389 2317 466 2361 111.
494 2317 659 2374 lecythi
684 2317 855 2360 formae
879 2317 1294 2373 protocorinthiae:
1319 2316 1505 2360 flabellis
1532 2321 1580 2358 et
1603 2316 1738 2358 radiis
1764 2321 1955 2358 ornatae

243 2382 391 2438 Berol.
421 2394 555 2438 1517.
599 2394 730 2444 1518,
779 2395 1059 2437 ornamentis
1092 2394 1379 2449 geometricis
1432 2392 1538 2436 artis
1570 2391 1955 2449 protocorinthiae
2027 2413 2029 2415 r

242 2468 388 2523 Berol.
428 2468 546 2512 1533
594 2474 639 2510 et
672 2468 908 2525 Brunsuig.
944 2468 1100 2513 AAnz.
1137 2470 1329 2524 1890‚7:
1384 2482 1498 2524 quas
1550 2480 1712 2510 omnes
1748 2465 1954 2509 Graecas

242 2556 346 2585 esse
398 2543 623 2592 existimo,
677 2544 896 2586 Etruscas·
928 2557 1037 2586 uero
1072 2544 1338 2587 Vindobon.
1392 2544 1497 2596 187,
1551 2542 1690 2584 radiis
1741 2542 1954 2583 deorsum

241 2618 474 2662 conuersis
523 2619 771 2675 auiumque
823 2633 939 2661 zona
992 2619 1247 2662 uolantium
1295 2619 1548 2661 admodum
1580 2617 1681 2660 rudi
1731 2622 1953 2669 ornatam,

241 2701 288 2735 et
330 2694 524 2736 fortasse
559 2694 694 2737 etiam
718 2694 913 2738 Berolin.
955 2695 1086 2752 1542,
1121 2707 1240 2749 quae
1274 2694 1475 2750 equitem
1504 2691 1686 2736 exhibet
1718 2705 1954 2748 equosque

241 2771 372 2827 duos,
398 2783 589 2826 quorum
612 2769 877 2825 suffragines
904 2770 1031 2826 spiris
1057 2770 1206 2826 duplis
1232 2766 1307 2825 (cf.
1333 2783 1468 2825 supra
1488 2783 1532 2825 p.
1553 2764 1603 2826 4)
1626 2775 1815 2812 ornatae
1833 2776 1952 2812 sunt.

388 2845 465 2889 IV.
510 2846 716 2887 canthari
751 2845 923 2888 formae
960 2845 1184 2895 Graecae,
1235 2846 1291 2888 ab
1327 2844 1582 2900 antIquiore
1614 2844 1807 2886 Etrusca
1858 2857 1952 2886 om·

390 3017 405 3044 ¹
433 3021 609 3069 exempla
642 3021 762 3060 affero
793 3032 892 3069 quae
931 3020 1027 3057 mihi
1056 3021 1214 3068 quidem
1243 3025 1400 3069 praesto
1431 3024 1539 3057 sunt:
1584 3019 1698 3066 longe
1736 3017 1846 3066 plura
1886 3029 1952 3054 ex-

238 3092 337 3123 stare
370 3099 450 3123 non
482 3088 637 3133 ignoro.

386 3149 404 3176 2
432 3152 533 3189 hanc
561 3153 724 3191 sormam
749 3153 961 3189 Corinthiis
993 3164 1071 3188 non
1101 3152 1354 3201 peculiarem,
1398 3151 1469 3187 sed
1506 3150 1682 3187 Ionicam
1727 3161 1815 3187 esse
1853 3150 1954 3186 infra

237 3218 473 3257 uidebimus.
