2168 3573
1003 206 1315 264 ’-.5-.”

258 356 567 417 fraudulenter
599 356 645 397 in
680 352 1018 416 taurispeciem
1041 353 1291 409 redactus),
1332 355 1459 398 cuius
1481 368 1644 411 corpus
1687 353 1966 396 ornamentis

257 429 500 473 tessellatis
536 415 707 473 tectum
741 438 812 474 est
846 432 983 475 fascia
1018 432 1272 475 cancellata
1304 431 1474 475 diuisis.

403 504 487 547 His
510 505 733 562 exemplis
756 506 1075 562 subiungenda
1098 513 1204 550 sunt
1229 502 1335 562 duo,
1358 491 1551 549 ¹alterum
1576 506 1741 559 Narce,
1777 505 1965 547 alterum

256 581 439 624 Faleriis
492 588 676 625 erutum
711 582 861 638 (Mon.
899 590 991 628 ant.
1025 584 1089 626 IV
1123 579 1301 642 206l7),
1334 597 1454 638 quae
1488 597 1631 639 equos
1681 582 1813 624 binos
1847 582 1966 622 inter

260 661 332 716 se¹
358 670 603 713 conuersos
652 658 869 700 exhibent
917 665 964 700 et
1011 666 1279 702 ornamenta
1328 659 1508 714 punctis
1561 658 1727 699 effecta
1775 655 1965 699 flabellis

257 730 429 787 similia,
476 746 625 789 neque
660 738 813 776 tamen
860 734 1014 791 incisa,
1060 736 1142 777 sed
1175 731 1382 777 colore
1432 734 1566 777 albo
1608 732 1799 788 picta:
1850 743 1967 786 quae

258 820 384 858 uasa,
421 814 518 850 arte
551 822 652 851 cum
686 809 867 866 reliquis
902 815 1103 852 ceterum
1136 823 1315 866 prorsus
1340 808 1652 864 congruentia,
1687 814 1735 849 et
1767 805 1964 848 ornandi

254 881 329 926 illa
359 883 534 926 ratione
556 884 819 940 grauissima
852 885 963 928 fiunt
996 891 1045 928 et
1083 885 1378 935 ornamentis,
1427 898 1546 942 quae
1571 883 1727 940 quanti
1749 881 1967 925 momenti

257 958 346 1002 sint
379 958 494 1002 infra
525 966 791 1014 exponetur.

403 1033 460 1077 11.
509 1034 672 1090 pocula
708 1034 881 1077 formae
928 1035 1278 1090 antiquissimae,
1328 1035 1449 1077 ansis
1498 1033 1712 1084 carentia,
1768 1033 1963 1089 pedibus

253 1109 466 1164 imposita
491 1123 706 1152 conorum
731 1110 959 1170 similibus.
998 1112 1229 1166 complura
1251 1111 1436 1153 Faleriis
1455 1116 1587 1152 eruta
1611 1116 1730 1165 sunt,
1755 1109 1964 1164 palmulis

263 1183 516 1227 Phoeniciis
541 1181 684 1241 (Mon.
708 1192 797 1230 ant.
823 1186 888 1229 IV
911 1186 1003 1231 tab.
1029 1189 1069 1242 5,
1098 1189 1170 1236 10,
1205 1201 1247 1242 p.
1279 1188 1381 1242 321,
1416 1185 1623 1242 exempla
1656 1186 1750 1227 duo
1776 1184 1958 1227 Floren-

256 1260 364 1311 tina,
399 1259 505 1323 Not.
541 1262 584 1304 d.
619 1261 691 1303 Sc.
729 1262 864 1312 1887,
914 1259 1024 1315 263')
1060 1268 1106 1303 et
1140 1263 1264 1316 equis
1310 1258 1434 1317 (Not.
1485 1263 1530 1305 d.
1563 1261 1631 1303 Sc.
1673 1261 1804 1314 1887,
1857 1256 1966 1315 173)

256 1341 431 1381 ornata.
980 1392 982 1394 ῃ

401 1410 476 1454 111.
510 1411 674 1466 pocula
698 1411 870 1454 formae
897 1409 1066 1468 similis,
1105 1412 1186 1454 nisi
1221 1413 1348 1467 quod
1383 1412 1509 1455 labra
1542 1412 1782 1454 introrsum
1815 1423 1963 1453 recur-

259 1492 367 1528 uata
417 1492 546 1530 sunt:
603 1485 729 1528 cuius
762 1485 933 1529 formae
965 1493 1147 1542 praeter
1192 1488 1400 1542 exempla
1442 1502 1469 1529 e
1505 1494 1625 1529 terra
1673 1487 1797 1542 nigra
1845 1486 1963 1539 ficta,

255 1561 380 1604 uelut
412 1561 639 1604 Faliscum
671 1560 869 1616 piscibus
916 1568 1125 1605 ornatum
1160 1561 1302 1617 (Mon.
1338 1569 1428 1607 ant.
1465 1562 1533 1606 IV
1567 1562 1659 1606 tab.
1697 1564 1739 1619 6,
1789 1556 1967 1618 14l15)‚

253 1651 392 1679 unum
440 1637 583 1680 simile
623 1637 744 1690 noui,
794 1636 1073 1680 Corinthium
1120 1644 1171 1680 ut
1217 1638 1406 1693 uidetur,
1456 1638 1499 1679 in
1549 1638 1739 1680 aedibus
1796 1638 1967 1679 Fainae

256 1713 434 1755 comitis
457 1712 697 1755 Oruietani
731 1713 1039 1762 adseruatum‚
1073 1714 1120 1754 in
1156 1728 1246 1768 quo
1281 1706 1432 1768 eapita
1463 1714 1557 1755 duo
1593 1713 1731 1755 uirilia
1761 1712 1878 1754 inter
1910 1726 1959 1754 se

254 1800 479 1830 conuersa
511 1787 633 1843 picta
665 1794 771 1830 sunt
804 1784 885 1843 (cf.
919 1788 1032 1843 Eph.
1069 1788 1188 1832 arch.
1226 1788 1344 1832 1885
1380 1788 1472 1832 tab.
1507 1787 1570 1841 7).

401 1862 478 1906 IV.
514 1863 675 1916 pocula
708 1862 878 1905 formae
909 1863 957 1904 in
981 1863 1157 1905 Etruria
1190 1862 1595 1917 frequentissimae,
1632 1863 1816 1905 aliunde
1852 1863 1960 1904 mihi

255 1936 440 1992 quidem
480 1937 691 1993 ignotae:
748 1950 911 1993 corpus
959 1937 1097 1993 globo
1148 1937 1386 1980 dimidiato
1437 1937 1579 1980 simile
1626 1937 1749 1993 pede
1798 1950 1964 1979 conum

254 2011 457 2054 imitante
480 2012 699 2067 labroque
729 2018 852 2055 recta
885 2018 1101 2068 protenso
1124 2013 1391 2055 instructum
1424 2019 1494 2055 est
1526 2008 1739 2070 (sormam
1773 2026 1814 2056 u.
1836 2012 1960 2055 Mon.

253 2093 346 2132 ant.
381 2087 445 2129 IV
479 2088 569 2132 tab.
591 2072 648 2138 '6,
687 2089 758 2133 13.
789 2088 846 2131 cf.
869 2102 913 2144 p.
941 2085 1065 2143 255).
1100 2088 1215 2130 inter
1247 2088 1456 2144 exempla
1485 2087 1671 2130 Faleriis
1707 2094 1836 2130 eruta
1870 2088 1964 2130 duo

253 2163 550 2205 memoranda
582 2171 696 2215 sunt,
741 2165 932 2206 alterum
964 2164 1259 2218 palmularum
1293 2170 1341 2205 et
1374 2163 1455 2205 loti
1486 2163 1647 2204 florum
1680 2175 1797 2204 zona
1829 2163 1964 2203 alter-

255 2237 472 2288 nantium,
508 2238 701 2281 alterum
732 2238 931 2294 piscibus
964 2245 1173 2281 ornatum
1209 2235 1332 2294 (Not.
1368 2239 1411 2282 d.
1451 2238 1521 2282 Sc.
1559 2238 1693 2288 1887,
1732 2234 1860 2293 263).

401 2312 455 2355 V.
519 2314 639 2355 urcei
695 2314 867 2355 formae
917 2298 1272 2368 antiquissimae,
1327 2313 1431 2355 artis
1484 2312 1713 2355 Troianae
1770 2311 1963 2367 Cypriae

253 2386 472 2443 Phrygiae
505 2389 727 2443 propriae,
781 2389 909 2431 cuius·
955 2402 1119 2444 corpus
1165 2389 1403 2444 globosum
1453 2388 1709 2443 collumque
1746 2388 1883 2429 altum
1918 2393 1964 2429 et

253 2461 436 2518 oblique
459 2462 683 2506 abscisum
702 2463 980 2506 cucurbitam
996 2463 1238 2508 imitantur.
1258 2463 1516 2519 exemplum
1534 2462 1716 2505 Faleriis
1739 2468 1965 2518 repertum

253 2544 322 2580 est
356 2532 483 2593 equis
508 2539 687 2582 duobus
722 2545 930 2583 ornatum
950 2537 1103 2592 (Mon.
1138 2545 1226 2583 ant.
1252 2538 1316 2581 IV
1351 2539 1442 2583 tab.
1478 2541 1518 2592 6,
1558 2539 1691 2584 42cf.
1726 2553 1767 2594 p.
1801 2535 1912 2592 248)
1932 2534 1964 2579 ¹.

401 2612 477 2657 VI.
528 2613 660 2656 Ollae
695 2614 868 2656 formae
921 2614 1026 2655 huic
1074 2614 1155 2656 arti
1190 2614 1451 2670 peculiaris:
1505 2626 1668 2668 corpus
1702 2613 1961 2669 globosum,

233 2687 418 2730 -collum
467 2688 729 2730 distinctum
784 2689 1003 2749 labroque
1054 2694 1241 2731 arcuato
1293 2689 1576 2738 instructum,
1629 2703 1710 2744 pes
1760 2688 1964 2744 exiguus.

230 2775 393 2824 *ansae
439 2761 703 2819 plerumque
738 2764 919 2807 desunt.
969 2770 1151 2820 praeter
1175 2762 1416 2805 Veientem
1452 2776 1570 2820 equo
1600 2769 1647 2806 et
1681 2763 1814 2805 leone
1839 2759 1967 2821 (Not.

252 2840 297 2882 d.
321 2840 399 2883 Sc.
430 2841 560 2896 1889,
600 2839 680 2896 62)
714 2848 760 2882 et
782 2841 978 2884 Falisc'as
1002 2842 1118 2883 duas
1149 2841 1357 2896 palmulis
1380 2840 1557 2895 Ionicis,
1592 2840 1802 2894 piscibus,
1838 2840 1968 2893 equis

408 3075 423 3104 ¹
451 3078 617 3116 medium
645 3078 743 3115 inter
771 3078 872 3115 hane
899 3077 1008 3115 urcei
1036 3078 1197 3115 formam
1226 3082 1263 3114 et
1283 3076 1476 3114 Milesiam
1506 3076 1637 3113 locum
1657 3075 1835 3113 obtinent
1856 3076 1968 3112 Mon·

250 3151 328 3183 ant.
356 3146 417 3182 IV
445 3146 523 3183 tab.
549 3144 588 3189 6,
619 3143 656 3193 5,
687 3150 725 3198 qt
753 3158 794 3193 p.
823 3144 914 3194 326,
943 3135 1197 3193 inscriptione
1219 3147 1383 3181 Etrusca
1409 3145 1580 3192 insigne,
1610 3144 1716 3182 Buu.
1745 3144 1888 3181 munic.
1907 3143 1968 3178 VI

248 3209 327 3246 tab.
358 3208 476 3253 6-8‚
507 3208 569 3259 17,
599 3209 768 3246 flabellis
798 3209 1007 3246 dimidiatis
1035 3209 1097 3259 (cf.
1126 3207 1239 3260 infra)
1270 3210 1508 3247 decoratum.
