2168 3573
1017 422 1229 483 Vita.

382 695 384 697 ’
426 701 568 743 Natus
603 715 699 744 sum
734 701 955 758 Georgius
990 701 1115 744 Karo
1153 700 1355 742 Venetiis
1391 712 1512 741 anno
1536 698 1579 742 h.
1606 711 1638 741 s,
1677 696 1850 739 LXXII
1876 712 1914 740 a,
1939 698 1983 741 d.

272 775 349 819 ΙΙΙ.
384 776 454 819 Id.
487 775 581 820 Ian.
631 782 759 832 patre
795 776 1023 834 Mauritio,
1076 789 1212 832 quem
1264 774 1428 817 acerbo
1467 773 1561 815 fato
1618 771 1725 813 mihi
1777 778 1983 827 ereptum

271 851 418 904 lugeo,
453 857 595 892 matre
629 842 815 893 Helena
843 865 868 892 e
900 859 1039 907 gente
1074 851 1195 894 Kuh.
1230 851 1367 891 fidem
1401 849 1614 904 profiteor
1652 848 1983 901 euangelicam.

272 937 418 981 usque
466 925 526 966 ad
575 926 736 968 aetatis
783 939 951 969 annum
1003 926 1231 968 decimum
1282 930 1493 980 quartum
1527 922 1798 972 Florentiae,
1848 934 1983 976 quam

277 1000 322 1044 in
370 1000 525 1040 urbem
575 1006 785 1054 parentes
835 1014 884 1042 se
914 1002 1231 1051 contulerant,
1288 1000 1411 1040 domi
1462 998 1696 1040 elementis
1748 997 1984 1038 doctrinae

277 1063 472 1117 imbutus
506 1088 618 1126 sum,
675 1076 1017 1119 moderantibus
1069 1075 1220 1117 studia
1255 1088 1357 1117 cum
1408 1074 1505 1117 aliis
1539 1073 1644 1115 uiris
1678 1072 1839 1122 doctis,
1889 1078 1984 1113 tum

279 1149 484 1205 Philippo
525 1151 812 1193 Kautzmann
859 1157 1157 1208 praeceptore
1192 1150 1377 1206 egregio
1426 1149 1572 1191 amico
1626 1148 1856 1205 fidissimo,
1909 1147 1984 1203 qui

277 1225 477 1279 plurimis
511 1227 741 1268 beneficiis
774 1227 1132 1271 me'obstrinxit.
1189 1239 1310 1268 anno
1344 1226 1387 1269 h.
1419 1240 1452 1271 s,
1489 1223 1729 1268 LXXXVI
1780 1224 1825 1264 in
1860 1236 1984 1277 gym-

279 1299 455 1341 nasium
487 1299 792 1355 Friburgense
825 1307 1037 1356 receptus
1073 1314 1186 1356 sum,
1236 1300 1445 1356 auspiciis
1480 1299 1525 1343 P.
1562 1298 1757 1340 Benderi
1803 1298 1983 1351 florens,

278 1374 348 1414 cui
396 1381 572 1428 gratum
606 1388 786 1430 semper
836 1377 1035 1418 animum
1085 1376 1295 1419 seruabo.
1350 1375 1620 1416 maturitatis
1674 1372 1981 1415 testimonium

275 1447 471 1504 adeptus
526 1454 742 1492 autumno
783 1463 822 1495 a.
855 1449 897 1495 h.
934 1464 967 1493 s.
1004 1449 1219 1493 LXXXX
1257 1448 1553 1492 Monachium
1587 1463 1660 1490 me
1696 1446 1878 1497 contuli,
1933 1453 1982 1488 ut

273 1524 430 1564 studiis
480 1524 788 1566 incumberem
850 1525 1097 1581 philologis.
1164 1518 1426 1567 docuerunt
1468 1538 1543 1565 me
1592 1538 1635 1566 u.
1671 1525 1723 1567 cl.
1774 1523 1925 1563 Brunn
1943 1524 1979 1572 †,

276 1596 436 1653 Christ,
473 1598 656 1655 Geiger‚
692 1598 897 1656 Golther,
932 1598 1212 1656 RSchoell†,
1248 1599 1442 1655 Traube,
1477 1597 1719 1643 Woelfflin.
1756 1595 1981 1641 seminarii

276 1672 491 1727 philologi
533 1687 613 1729 per
662 1680 822 1729 quater
870 1687 951 1716 sex
999 1687 1177 1716 menses
1226 1675 1288 1715 fui
1337 1675 1522 1716 sodalis.
1557 1680 1787 1728 praeterea
1836 1679 1884 1714 ut
1914 1673 1981 1713 in-

274 1754 494 1791 teressem
518 1733 912 1794 exercitationibus
936 1750 1245 1805 archaeologis
1268 1749 1436 1800 Brunn,
1471 1749 1768 1805 epigraphicis
1788 1748 1978 1802 Schoell,

272 1822 513 1877 philologis
548 1824 730 1867 Traube
762 1826 959 1880 benigne
991 1825 1098 1867 mihi
1143 1831 1479 1869 concesserunt.
1546 1824 1709 1879 quibus
1743 1823 1847 1865 uiris
1882 1837 1973 1864 om·

267 1897 412 1948 nibus,
461 1898 676 1954 imprimis
725 1914 835 1942 uero
870 1901 1085 1944 Traubeo
1129 1907 1174 1942 et
1207 1899 1462 1942 Woelfflino
1517 1905 1735 1955 quantum
1782 1899 1977 1940 debeam

271 1984 517 2027 numquam
565 1974 819 2018 obliuiscar.
872 1981 1091 2019 autumno
1125 1989 1164 2018 a.
1198 1975 1240 2018 h.
1277 1985 1310 2018 s.
1346 1974 1605 2017 LXXXXII
1656 1974 1864 2016 Bonnam
1895 1974 1978 2015 mi-

266 2047 406 2100 graui,
457 2048 534 2089 ubi
573 2061 655 2103 per
702 2049 868 2104 septies
903 2048 1195 2093 sex'menses
1230 2049 1504 2105 philologiae
1547 2055 1593 2090 et
1628 2048 1976 2103 archaeologiae

268 2133 453 2175 operam
475 2122 602 2177 dedi.
639 2124 892 2167 docuerunt
913 2137 987 2166 me
1010 2137 1052 2168 u.
1083 2125 1137 2167 cl.
1164 2123 1451 2178 Brinkmann,
1477 2122 1740 2180 Buecheler,
1775 2123 1977 2179 Clemen,

265 2193 402 2257 Elter‚
459 2196 672 2256 Gothein,
732 2198 864 2255 Justi,
928 2198 1207 2254 Loeschcke,
1261 2198 1441 2252 Nissen,
1504 2197 1724 2245 Solmsen‚
1787 2198 1977 2247 Vsener,

263 2269 578 2330 Wiedemann.
629 2273 792 2331 insigni
833 2274 1095 2319 Buecheleri
1148 2274 1289 2318 Elteri
1326 2273 1518 2318 Vseneri
1551 2273 1775 2317 beneficio
1809 2274 1855 2316 in
1906 2287 1977 2316 se-

270 2347 507 2390 minarium
540 2334 819 2405 philologum
842 2356 1053 2406 receptus
1090 2364 1202 2401 sum,
1230 2351 1355 2392 cuius
1390 2363 1471 2405 per
1493 2356 1651 2405 quater
1685 2363 1764 2392 sex
1796 2363 1979 2392 menses

269 2423 439 2465 sodalis
476 2423 550 2469 fui.
601 2425 646 2468 in
696 2425 984 2468 seminarium
1016 2425 1280 2469 historicum
1313 2424 1490 2477 Nissen,
1540 2425 1586 2467 in
1636 2426 1980 2469 exercitationes

266 2497 521 2554 philologas
573 2506 620 2542 et
663 2501 976 2558 epigraphicas
1028 2501 1287 2556 Buecheler,
1338 2501 1664 2557 archaeologas
1699 2500 1978 2555 Loeschcke,

266 2573 604 2630 philosophicas
637 2576 775 2634 Elter,
809 2576 1044 2622 historicas
1077 2576 1189 2633 Justi
1221 2584 1269 2619 et
1306 2576 1506 2632 Clemen,
1540 2577 1787 2633 philologas
1823 2577 1979 2619 Brink-

263 2661 419 2691 mannr
449 2663 539 2706 qua
591 2657 696 2697 sunt
744 2652 1013 2696 liberalitate
1064 2666 1136 2695 me
1188 2647 1485 2697 admiserunt.
1536 2652 1613 2707 qui
1663 2652 1744 2693 uiri
1802 2664 1978 2703 omnes,

267 2725 482 2781 imprimis
517 2740 627 2770 uero
651 2727 992 2785 Loeschckeius
1027 2734 1165 2784 atque
1189 2727 1437 2777 Vsenerus‚
1472 2733 1646 2783 quanta
1670 2726 1715 2768 in
1738 2739 1810 2768 me
1842 2727 1979 2768 bene·

265 2800 466 2847 uolentia
500 2801 664 2846 fuerint
697 2807 1009 2859 quantumque
1040 2802 1200 2846 studiis
1235 2802 1348 2846 meis
1384 2815 1563 2858 semper
1605 2802 1797 2845 fauerint
1827 2801 1978 2844 uerbis

266 2876 520 2932 exprimere
554 2890 748 2935 nequeo,
784 2877 881 2922 uita
915 2891 989 2921 me
1023 2878 1213 2920 oblitum
1249 2889 1342 2920 non
1376 2890 1475 2920 esse
1510 2878 1731 2933 probabo.

969 3088 1264 3096 ψ
