2168 3573
952 215 1169 254 —24—
1654 224 1671 248 4
1752 266 1754 269 Ι
1873 246 1891 268 x

213 359 366 396 mento
403 351 654 403 reticulato,
690 349 903 390 humerus
926 347 1115 390 flabellis
1150 354 1200 391 ut
1232 348 1412 391 uidetur
1436 347 1683 390 dimidiatis
1701 343 1732 398 ¹5
1766 353 1927 389 uenter

214 435 260 469 et
294 440 374 483 pes
409 426 535 467 lineis
571 425 711 466 tortis.
746 423 910 465 coloris
945 424 1138 465 caerulei
1171 437 1317 479 pauca
1354 423 1548 478 uestigia
1582 407 1839 466 cernuntur.
1872 419 1874 421 ’
1917 456 1919 458 .

358 504 399 543 6.
451 500 668 555 amphora
692 499 903 541 Parisina
933 495 1061 554 (ibid.
1100 501 1203 554 618,
1238 499 1396 542 Smith.
1433 499 1457 540 l.
1482 512 1518 541 c.
1556 494 1678 553 213),
1714 497 1923 560 eiusdem

210 576 379 618 formae
413 583 549 630 atque
585 574 782 629 originis.
833 575 956 616 color
1000 575 1233 617 caeruleus
1268 589 1359 618 non
1395 579 1594 630 apparet.
1654 573 1701 614 in
1731 578 1922 628 utraque

207 665 317 694 ansa
352 652 417 692 uir
449 652 598 693 nudus
632 663 815 693 currens
850 656 896 692 et
936 650 1003 691 uir
1048 652 1109 694 ad
1152 636 1366 693 feminam
1415 650 1612 692 uelatam
1664 660 1916 705 conuersus

206 727 408 781 impressi
442 733 487 767 et
520 726 654 767 rubro
690 726 885 780 alboque
913 726 1140 768 coloribus
1175 726 1282 781 picti
1316 732 1433 769 sunt.
1502 720 1664 767 collum
1687 729 1736 765 et
1761 730 1920 766 uenter

205 801 384 856 punctis
418 800 594 843 lineolis
630 800 806 855 angulis
841 801 984 844 acutis
1018 801 1270 856 cinguntur.

355 878 393 919 7.
447 875 667 930 amphora
701 874 958 918 Caeretana
991 877 1199 918 eiusdem
1252 882 1299 916 ut
1348 876 1532 917 uidetur
1569 877 1771 933 formae,
1806 877 1919 920 Not.

204 951 248 993 d.
284 950 353 994 Se.
390 946 560 1007 1880s1
589 952 677 995 397
712 951 775 994 sic
809 952 1054 1007 descripta:
1093 951 1345 1007 „bucchero
1381 951 1629 1006 policromo
1666 966 1753 995 con
1781 952 1920 995 rilievi

204 1021 437 1067 d'animali
470 1026 590 1067 nelle
625 1024 780 1068 anse“.
846 1036 848 1038 ’

351 1102 393 1144 8.
443 1115 605 1144 urceus
639 1102 834 1146 Berolin.
873 1103 1007 1159 1543,
1046 1102 1216 1144 formae
1236 1102 1459 1158 Milesiae,
1484 1101 1659 1145 Oruieti
1694 1109 1912 1158 repertus,

202 1175 342 1217 tribus
378 1176 603 1218 coloribus
638 1177 684 1218 in
719 1183 877 1219 uentre
912 1183 1087 1232 septem
1137 1177 1219 1219 uiri
1253 1183 1299 1218 et
1333 1177 1472 1232 tripus
1515 1177 1624 1232 picti
1659 1183 1778 1233 sunt,
1831 1178 1911 1219 hu-

199 1263 350 1291 merus
385 1252 554 1307 angulis
591 1252 725 1293 rectis
761 1252 962 1306 cingitur.
998 1252 1143 1291 lineae
1180 1252 1380 1306 scalptae
1414 1265 1509 1292 non
1543 1259 1778 1307 apparent.

350 1327 661 1383 9Mphora
710 1327 754 1369 in
805 1327 1017 1382 catalogo
1074 1326 1295 1370 auctionis
1346 1326 1665 1383 Sothebyano-
1694 1327 1910 1380 (Londin.

209 1397 350 1458 1885)
385 1408 755 1454 commemorata,
789 1402 954 1457 Rhodi,
989 1417 1015 1444 a
1049 1402 1247 1444 Biliottio
1282 1408 1330 1444 ut
1365 1402 1573 1452 uidetur,⁹
1609 1409 1755 1453 eruta,
1791 1403 1917 1445 cuius

207 1475 253 1516 in
289 1476 415 1518 labro
451 1477 614 1519 coloris
650 1478 770 1519 rubri
798 1479 989 1533 uestigia
1024 1486 1282 1521 cernuntur.

351 1552 547 1596 10—15.
601 1552 723 1594 urcei
760 1565 839 1594 sex
873 1553 918 1593 in
954 1553 1120 1594 eodem
1154 1552 1367 1606 catalogo
1402 1552 1669 1602 enumerati,
1712 1552 1788 1608 qui
1821 1567 1913 1595 non

200 1626 368 1668 diuersi
408 1640 508 1668 esse
543 1627 759 1668 uidentur
792 1641 819 1669 a
851 1627 1219 1668 Londinensibus
1255 1626 1426 1667 formae
1461 1626 1677 1677 Milesiae,
1726 1640 1839 1682 quos
1876 1641 1914 1671 a.

202 1702 322 1744 1884
359 1700 511 1743 Rhodi
545 1707 699 1743 erutos
735 1714 836 1744 esse
872 1701 1086 1743 Smithius
1123 1697 1170 1757 (l.
1203 1715 1238 1744 e.
1277 1697 1388 1754 220)
1424 1701 1561 1742 tradit
1580 1700 1611 1744 2.

345 1777 415 1820 16.
464 1782 622 1831 patera
657 1776 828 1819 formae
865 1775 1128 1819 Corinthiae
1165 1771 1403 1832 (Ionicae),
1440 1776 1486 1817 in
1519 1776 1729 1832 sepulcro
1767 1776 1912 1819 Polle-

194 1853 358 1894 drarae
392 1859 583 1907 reperta.
650 1852 801 1894 Micali
834 1852 959 1895 Mon.
995 1852 1052 1895 in.
1087 1853 1131 1908 5,
1165 1852 1309 1893 Smith
1344 1852 1369 1895 l.
1397 1865 1434 1894 e.
1473 1854 1577 1908 219,
1612 1852 1689 1907 qui
1724 1853 1912 1895 adcura-

195 1927 371 1970 tissime
407 1934 676 1970 ornamenta
711 1928 935 1970 enarrauit
949 1924 978 1972 3.

344 2004 539 2045 17—-22,
575 2002 741 2058 lecythi
790 2015 871 2044 sex
920 2002 966 2043 in
1017 2001 1229 2056 catalogo
1270 2001 1563 2056 Sothebyano
1599 2008 1908 2059 enumeratae,

195 2077 368 2119 formae
402 2077 754 2130 angustissimae
806 2084 944 2132 atque
996 2083 1186 2118 acuatae
1234 2073 1380 2131 (catal.
1420 2077 1563 2120 Berol.
1600 2076 1743 2118 forma
1780 2077 1904 2129 143),

194 2151 342 2193 anulis
375 2157 566 2193 ornatae
598 2151 826 2206 impressis
862 2157 1002 2207 atque
1039 2151 1171 2192 rubro
1206 2151 1399 2205 alboque
1436 2151 1659 2193 coloribus
1692 2151 1906 2195 induetis.

190 2226 388 2267 eandem
423 2226 614 2268 formam
648 2227 905 2281 eademque
939 2232 1211 2268 ornamenta
1244 2225 1485 2268 exhibent:
1706 2276 1711 2280 X

339 2302 537 2345 23-26.
588 2302 735 2346 Berol.
786 2302 907 2346 1344
942 2299 1162 2357 (Camiri),
1220 2302 1525 2346 1503-1505
1579 2301 1902 2357 (Polledrarae,
1959 2332 1964 2333 ν

189 2376 465 2432 Tarquiniis,
501 2376 651 2418 Nolae
679 2377 873 2429 erutae).

339 2454 413 2496 27.
463 2453 736 2502 Bonnensis‚
773 2467 800 2493 e
835 2452 1031 2494 Graecia
1068 2458 1117 2493 ut
1151 2452 1331 2494 uidetur
1362 2452 1574 2496 aduecta.

338 2527 412 2571 28.
463 2527 578 2569 Mus.
614 2526 804 2583 Gregor.
840 2526 882 2569 ΙΙ
917 2528 989 2570 95.

337 2603 407 2646 29.
446 2604 519 2646 30.
557 2601 848 2645 Cornetanae
879 2603 998 2645 duae
1034 2600 1154 2649 (Not.
1191 2602 1234 2645 d.
1269 2601 1338 2645 Sc.
1383 2604 1517 2652 1889,
1558 2601 1681 2658 102).

337 2679 410 2722 31.
445 2678 850 2722 Mannhemiensis.

332 2859 348 2887 1
379 2864 509 2913 „band
539 2865 586 2901 of
610 2864 772 2901 vertical
801 2864 1067 2901 arrow-heads
1098 2863 1245 2900 formed
1287 2863 1339 2911 by
1374 2864 1591 2911 punctured
1622 2862 1733 2900 dots“
1766 2864 1900 2903 Smith.

332 2927 350 2954 2
379 2932 573 2967 maeandri
602 2933 789 2975 membra,
825 2932 954 2979 qualia
981 2931 1020 2967 in
1049 2931 1189 2978 hydria
1225 2934 1388 2972 exstant,
1431 2935 1469 2965 et
1511 2929 1585 2965 loti
1627 2929 1744 2966 flores
1787 2936 1901 2979 atque

184 2994 336 3044 calyces
367 3004 657 3042 commemorat,
686 2998 804 3035 rubro
835 2998 968 3034 colore
999 2997 1153 3045 alioque
1183 3008 1284 3032 nunc
1317 2995 1484 3031 euanido
1515 2995 1629 3044 picta.

333 3059 350 3085 3
377 3075 480 3106 rosa,
523 3076 622 3111 quae
659 3065 859 3101 interioris
894 3065 1012 3112 partis
1044 3064 1216 3099 medium
1254 3066 1374 3108 tenet,
1422 3061 1471 3097 ad
1511 3061 1734 3109 exemplum
1765 3075 1894 3100 earum

180 3127 423 3164 conformata
451 3134 523 3173 est,
545 3130 687 3177 quibus
720 3131 760 3166 in
780 3130 923 3178 pateris
954 3129 1087 3166 aeneis
1109 3128 1252 3173 clauus,
1283 3142 1360 3178 quo
1391 3138 1533 3173 corpus
1564 3138 1650 3162 cum
1674 3132 1773 3175 pede
1804 3139 1890 3165 con-

180 3193 366 3242 iungitur,
399 3199 522 3231 tectus
552 3200 620 3233 est.
