2168 3573
985 189 1196 227 ..23-

168 347 174 349 >
229 318 352 377 noui,
386 335 504 378 quae
540 335 643 365 cum
678 327 834 364 nostra
856 320 1105 377 comparari
1139 320 1303 375 possit:
1339 320 1424 362 nisi
1447 321 1571 376 quod
1597 320 1769 363 labrum
1797 320 1938 363 fascia

230 397 439 454 cinctum,
462 410 695 454 ansaeque
714 403 888 447 tenueS,
922 395 1051 438 bullis
1085 395 1295 448 minores,
1330 395 1474 438 maior
1504 396 1702 452 palmula
1731 402 1779 438 et
1811 402 1939 440 costa

229 478 431 527 ornatae,
465 473 631 516 eadem
665 473 712 515 in
744 472 912 527 hydriis
945 470 1318 514 Chalcidensibus
1351 478 1590 527 apparent,
1624 473 1681 514 ab
1705 472 1936 527 exempla-

230 547 351 590 ribus
385 548 540 592 aeneis
573 548 741 592 scilicet
773 548 993 593 deriuata.
1062 553 1329 591 ornamenta
1365 553 1412 589 et
1444 546 1627 603 figurae,
1662 561 1781 603 quae
1834 560 1937 589 cum

232 623 578 666 adcuratissime
611 623 824 666 Smithius
861 622 1166 678 descripserit,
1195 622 1430 681 ‚equidem
1473 622 1562 665 hoc
1599 622 1698 664 loco
1734 628 1936 677 praeter-

230 698 377 749 mitto,
429 698 653 741 coloribus
701 681 969 740 indumento
1009 697 1227 753 impositis
1274 697 1396 752 picta
1443 703 1546 739 sunt
1595 697 1751 747 tribus,
1802 697 1937 738 rubro

232 772 428 829 alboque
461 773 652 817 susflauo
686 779 733 816 et
761 772 986 828 caeruleo,
1020 772 1097 830 qui
1130 772 1255 816 color
1288 779 1396 814 ante
1429 785 1549 817 saec.
1574 771 1628 816 V.
1664 771 1864 814 medium
1891 771 1937 812 in

232 847 354 890 uasis
387 848 519 904 pictis
554 855 753 890 ceterum
786 861 880 890 non
913 853 1114 903 apparet.
1148 842 1318 901 figurae
1344 847 1555 889 extremis
1597 854 1776 889 tantum
1808 847 1938 888 lineis

176 921 178 923 ’
230 921 373 964 rubris
423 924 573 978 pictae
622 928 743 972 sunt,
796 921 860 964 ita
899 927 960 964 ‘ut
1010 920 1091 963 uiri
1142 935 1169 964 a
1216 921 1393 963 feminis
1446 921 1594 964 carnis
1643 922 1794 964 colore
1841 935 1937 964 non

230 995 581 1051 distinguantur:
633 996 742 1037 dein
775 996 923 1038 lineae
971 996 1178 1038 internae
1224 996 1383 1037 rubrae
1431 997 1616 1052 additae
1664 1003 1712 1038 et
1764 1003 1931 1051 uestes,

230 1071 489 1119 animalium
522 1085 729 1126 corpora,
774 1071 934 1114 similia
983 1084 1120 1127 saepe
1160 1071 1385 1114 coloribus
1437 1077 1562 1114 tecta
1606 1078 1725 1129 sunt,
1773 1071 1936 1127 quibus

229 1145 441 1202 speciose
476 1146 806 1202 componendis
840 1153 886 1188 et
920 1147 1146 1188 uariandis
1180 1146 1341 1200 figulus
1367 1160 1553 1202 operam
1589 1148 1742 1190 dedit:
1777 1148 1824 1188 in
1858 1160 1937 1188 ex-

231 1221 384 1264 tremis
421 1222 619 1264 uestibus
656 1221 815 1264 limbos
844 1222 1109 1277 plerumque
1143 1222 1389 1264 reseruauit
1433 1235 1582 1277 neque
1634 1223 1825 1264 alterum
1858 1235 1936 1264 co-

230 1295 371 1338 lorem
419 1296 545 1339 alteri
594 1296 832 1352 imposuit:
878 1308 995 1351 quae
1046 1296 1199 1338 omnia
1248 1296 1352 1338 huic
1401 1297 1486 1339 arti
1528 1296 1768 1352 peculiaria
1817 1303 1935 1340 sunt.

232 1369 382 1413 lineae
414 1371 626 1426 scalptae,
662 1370 862 1426 exceptis
894 1371 1151 1426 perpaucis,
1185 1377 1545 1426 non‘apparent.

380 1448 419 1489 2.
471 1445 688 1501 amphora
720 1446 766 1486 in
815 1446 981 1488 eodem
1016 1445 1303 1487 Polledrarae
1336 1447 1538 1500 sepulcro
1571 1455 1713 1489 eruta.
1779 1447 1931 1488 Micali

231 1519 355 1565 Mon.
390 1520 448 1565 in.
486 1523 528 1563 5.
565 1519 708 1562 forma
737 1519 849 1576 pithi
881 1519 1100 1563 simillima
1145 1526 1213 1563 est
1245 1518 1316 1575 (cf.
1341 1520 1581 1565 Naukratis
1610 1521 1628 1563 1
1660 1522 1750 1565 tab.
1778 1522 1850 1576 16,
1876 1519 1935 1575 2).

229 1595 395 1638 collum
428 1595 610 1651 picturis
644 1602 780 1647 caret,
813 1582 1022 1638 humerus
1046 1595 1195 1638 fasciis
1220 1596 1362 1650 plexis
1398 1597 1601 1651 cingitur,
1638 1602 1800 1639 uenter
1823 1597 1937 1638 binis

230 1667 529 1714 animalium1
579 1669 909 1726 fasciarumque
941 1671 1171 1727 plexarum
1213 1671 1350 1728 zonis,
1394 1671 1501 1713 dein
1534 1671 1825 1714 semicirculis
1858 1685 1935 1714 eo-

230 1748 336 1789 dem
369 1753 526 1790 centro
561 1746 796 1802 descriptis
833 1752 880 1788 et
913 1746 1086 1789 circulis
1121 1747 1247 1789 lineis
1284 1747 1507 1802 parallelis
1541 1747 1718 1792 iunctis.
1789 1748 1933 1802 scalp-

232 1829 332 1866 tura
364 1822 570 1865 adhibita
603 1836 698 1864 non
734 1828 814 1864 est.

378 1900 419 1942 3.
469 1897 685 1953 amphora
735 1896 931 1939 Parisina
981 1895 1179 1951 (Louvre
1233 1896 1271 1938 E
1323 1898 1426 1951 660,
1483 1896 1626 1939 Smith
1672 1897 1698 1939 1.
1742 1911 1780 1942 c.
1819 1894 1930 1953 221)

229 1985 410 2028 prorsus
445 1972 608 2026 similis,
633 1984 749 2026 quae
783 1977 828 2012 et
850 1971 948 2026 ipsa
967 1984 1138 2031 ‘nauem
1171 1971 1438 2013 animalibus
1462 1971 1774 2026 interpositam
1797 1986 1932 2027 prae-

231 2049 332 2092 bet:
369 2048 513 2090 lineae
546 2047 747 2102 scalptae
779 2046 1024 2090 nonnullae
1059 2052 1315 2091 cernuntur.

378 2125 421 2168 4.
473 2122 690 2179 amphora
723 2122 769 2163 in
800 2121 1008 2177 sepulcro
1028 2117 1302 2164 “Caeretano
1337 2134 1428 2163 una
1473 2135 1574 2164 cum
1607 2121 1725 2164 uasis
1759 2121 1934 2164 Attico-

231 2198 458 2241 corinthiis
508 2211 627 2241 saec.
659 2197 736 2244 Vl,
783 2197 840 2241 in.
891 2203 1071 2253 reperta
1123 2194 1258 2251 (Bull.
1313 2199 1446 2250 1881,
1503 2194 1627 2253 159),
1681 2197 1854 2239 formae
1906 2212 1935 2240 a

230 2273 509 2316 Nicosthene
541 2278 703 2328 postea
738 2272 965 2327 excultae,
1001 2272 1164 2315 collum
1199 2285 1423 2329 squamas,
1468 2285 1631 2328 corpus
1665 2279 1932 2315 ornamenta

231 2348 455 2392 coloribus
489 2348 629 2390 tribus
664 2348 794 2390 huius
826 2347 978 2409 classis
1012 2347 1201 2404 propriis
1234 2348 1357 2403 picta
1390 2347 1620 2390 exhibent.
1656 2348 1702 2389 in
1737 2354 1931 2405 utraque

231 2439 340 2468 ansa
383 2425 606 2481 panthera
648 2425 720 2467 leo
771 2424 887 2466 tauri
937 2431 1147 2480 protome
1185 2423 1338 2467 formis
1373 2423 1593 2480 impressa
1613 2422 1632 2451 2
1681 2430 1726 2466 et
1761 2423 1935 2467 eisdem

232 2499 456 2543 coloribus
487 2499 610 2555 picta
641 2505 756 2542 sunt.

379 2577 421 2620 5.
469 2574 688 2631 amphora
738 2573 939 2617 Parisina
986 2573 1094 2616 olim
1142 2572 1438 2630 Campanana
1490 2570 1686 2630 (Louvre
1735 2571 1772 2615 C
1823 2575 1933 2618 617:

234 2649 376 2694 Smith
407 2650 435 2694 1.
460 2663 497 2694 c,
533 2647 659 2705 213),
682 2649 887 2692 eiusdem
911 2648 1104 2691 formae:
1141 2662 1282 2692 ansae
1307 2649 1430 2692 trinis
1452 2648 1682 2705 pantheris
1708 2648 1934 2704 impressis

229 2733 367 2782 atque
401 2725 535 2768 rubro
570 2725 720 2768 colore
754 2724 886 2780 pictis
916 2731 1148 2781 ornantur,
1181 2724 1346 2768 collum
1382 2725 1511 2781 spiris
1549 2724 1693 2780 duplis
1727 2731 1771 2767 et
1805 2738 1933 2767 orna-

379 2973 395 3002 1
422 2976 560 3014 leones
589 2976 714 3013 ibices
743 2976 836 3025 equi
863 2975 968 3012 cervi
1005 2974 1208 3025 sphinges,
1244 2980 1382 3011 cuncta
1416 2974 1606 3012 dextrors.
1636 2984 1760 3017 uersa,
1797 2972 1935 3021 eisque

229 3042 454 3091 interposita
482 3043 594 3079 nauis
636 3044 753 3091 (Torr
779 3044 881 3080 Anc.
909 3042 1028 3091 ships
1057 3043 1137 3080 tab.
1165 3041 1203 3091 3,
1238 3041 1313 3088 12).
1371 3040 1591 3076 animalium
1621 3050 1787 3086 corpora
1815 3038 1934 3074 uariis

230 3107 432 3144 coloribus
465 3113 564 3145 tecta
593 3113 695 3158 sunt,
725 3119 1014 3157 nonnumquam
1043 3106 1199 3157 punctis
1227 3106 1326 3143 albis
1354 3105 1555 3155 impositis.

376 3170 395 3200 2
422 3174 469 3212 cf.
498 3174 720 3223 amphoram
748 3174 924 3211 eiusdem
954 3174 1100 3211 formae
1130 3174 1303 3211 Vindob.
1333 3171 1410 3211 203
1441 3177 1480 3209 et
1507 3182 1624 3220 supra
1653 3182 1690 3218 p.
1724 3169 1784 3209 16.
