2168 3573
983 216 1216 291 „4-

245 392 422 428 tantum
457 385 675 440 exempla,
730 385 814 426 sed
848 384 974 438 nigra
1023 396 1207 439 quoque
1240 382 1484 438 importata
1533 396 1638 426 esse
1671 382 1786 436 infra
1827 381 1957 425 uide·
1999 415 2001 417 .

248 462 407 505 bimus.
458 460 576 515 figuli
608 473 718 501 uero
754 460 943 508 Etrusci,
991 473 1093 501 cum
1141 463 1409 500 ornamenta
1442 471 1574 501 noua·
1600 453 1746 515 atque'
1787 460 1954 515 ignota,

244 537 436 593 plantas,
490 535 716 588 animalia,
768 535 810 576 in
848 534 968 577 uasis
1005 547 1107 576 cum
1156 533 1367 576 fictilibus
1418 538 1514 575 tum
1548 534 1703 577 aeneis
1737 544 1954 592 expressa

242 613 466 662 uiderent,
519 618 564 652 et
598 611 684 665 ipsi
733 623 900 651 nouam
952 602 1095 652 artem
1150 609 1307 651 imitati
1355 609 1515 652 similia
1564 610 1666 652 rudi
1712 611 1816 655 stilo
1866 610 1957 653 suis

246 687 425 729 nasibus
460 686 755 727 incidebant:
803 697 894 739 quo
926 684 1098 726 factum
1133 690 1205 725 est
1238 690 1287 725 ut
1321 684 1531 739 exempla
1563 690 1800 728 occurrant
1831 684 1956 743 haud

245 774 407 816 pauca,
428 775 485 802 ex
514 766 630 801 terra
656 759 796 800 mixta
821 759 1069 814 formisque
1093 759 1200 801 artis
1226 759 1343 801 illius
1367 765 1580 802 uetustae
1613 760 1804 815 propriis
1838 759 1957 816 ficta,

246 835 523 878 ornamentis
551 835 768 876 decorata
802 834 946 890 nouis,
983 835 1133 889 qualia
1158 833 1329 877 fasciae
1353 834 1517 890 plexae
1549 841 1669 885 sunt,
1704 835 1784 877 loti
1806 835 1956 886 flores,

244 913 466 969 palmulae
498 911 685 959 Ionicae
721 916 767 952 et
789 910 1061 954 Phoeniciae
1095 906 1173 968 (cf.
1198 910 1312 953 infra
1345 924 1389 967 p.
1415 908 1509 967 39).
1543 924 1630 955 nec
1664 912 1830 963 desunt
1861 910 1973 954 ani?

246 988 392 1038 maha,
440 988 556 1028 inter
590 1000 707 1041 quae
741 986 1002 1041 saepissime
1052 987 1198 1042 pisces
1234 994 1373 1041 atque
1406 987 1525 1042 equi,
1577 981 1806 1029 interdum
1837 987 1956 1040 alati,

247 1068 501 1115 occurrunt,
553 1074 672 1116 quae
703 1062 865 1103 eadem
900 1061 944 1102 in
982 1061 1167 1103 uasibus
1202 1061 1335 1116 pictis
1370 1061 1668 1104 Etruscorum
1702 1062 1958 1117 antiquissi-

243 1139 325 1179 mis
347 1138 537 1192 primum
561 1136 706 1177 locum
731 1135 939 1177 obtinent
959 1131 988 1178 1.
1045 1135 1260 1190 equidem
1296 1148 1399 1177 cum
1433 1136 1619 1191 plenum
1651 1142 1790 1193 atque
1824 1137 1958 1180 abso·
1986 1135 1990 1137 ’

249 1214 391 1255 lutum
429 1212 625 1254 indicem
661 1210 858 1267 proferre
891 1223 985 1253 non
1016 1210 1203 1267 possim,
1239 1211 1449 1267 exempla
1485 1223 1603 1268 quae
1637 1211 1745 1255 noui
1784 1204 1971 1269 praeci--
2038 1203 2054 1207 ⁸

249 1302 340 1343 pua
375 1300 639 1329 enumerare
678 1286 786 1328 satis
820 1286 998 1328 habeo:

392 1364 425 1408 Ι.
462 1363 666 1406 canthari
704 1363 873 1405 formae
897 1368 1119 1413 uetustae,
1141 1363 1200 1405 de
1224 1376 1315 1418 qua
1348 1376 1484 1418 supra
1510 1362 1681 1406 dictum
1713 1369 1797 1415 est,
1833 1359 1956 1406 ans-is

251 1440 454 1481 instructi
490 1439 680 1481 arietum
705 1438 927 1493 capitibus
962 1438 1155 1481 ornatis:
1205 1438 1390 1480 Faleriis
1423 1437 1674 1494 complures
1707 1437 1823 1480 eruti
1856 1427 1959 1481 sunt

245 1514 394 1556 fasciis
429 1514 572 1569 plexis
610 1513 782 1567 lotique
823 1512 983 1554 florum
1010 1513 1377 1568 et-palmularum
1409 1512 1664 1556 Ionicarum
1697 1522 1744 1556 et
1761 1514 1957 1557 Phoeni-

245 1589 411 1631 ciarum
461 1589 586 1630 zonis
632 1587 780 1630 ornati
796 1585 826 1632 2.
877 1600 1020 1643 equos
1068 1588 1199 1630 binos
1248 1601 1304 1630 ex
1354 1593 1545 1645 utraque
1589 1596 1719 1645 parte
1773 1581 1981 1632 exhibet⁴

246 1665 506 1721 exemplum
541 1663 768 1706 Faliscum
789 1659 914 1719 (Not.
950 1664 993 1705 d.
1032 1663 1103 1707 Se.
1147 1663 1279 1716 1887,
1317 1659 1440 1722 173),
1475 1663 1678 1719 singulos
1713 1664 1956 1711 cantharus
2006 1659 2009 1661 ’

244 1739 389 1782 Narce
438 1745 640 1794 repertus
690 1735 836 1794 (Mon.
885 1744 977 1782 ant.
1010 1737 1075 1779 .1V
1111 1734 1222 1795 210)
1273 1751 1330 1780 eo
1378 1739 1590 1794 imprimis
1634 1739 1956 1795 memorabilis,

245 1815 371 1870 quod
396 1820 441 1855 et
465 1826 615 1856 armos
650 1813 796 1868 spirae
830 1812 875 1854 in
910 1813 1110 1868 speciem
1144 1813 1456 1857 conformatos
1490 1815 1683 1870 praebet
1716 1820 1763 1857 et
1798 1813 1952 1857 suffra-

241 1886 370 1943 gines
402 1889 532 1944 spiris
568 1889 719 1943 duplis
755 1894 964 1930 ornatas:
1000 1900 1190 1942 quorum
1225 1894 1465 1944 utrumque
1488 1889 1535 1930 in
1568 1902 1706 1932 urceo
1741 1889 1976 1945 antiquis--

241 1965 353 2006 simo
387 1946 755 2020 protocorinthiis
791 1962 1014 2005 simillimo
1049 1958 1198 2019 (Mon.
1235 1963 1318 2015 IX,
1352 1961 1398 2020 5)
1433 1964 1644 2015 cernitur,
1702 1963 1957 2020 suffraginis

241 2037 418 2082 tantum
454 2040 574 2095 spira
624 2038 669 2079 in
704 2038 876 2094 scypho
928 2038 1046 2081 uasis
1095 2039 1379 2094 protoatticis
1413 2040 1559 2096 simili,
1609 2040 1686 2097 qui
1721 2039 1958 2097 Olympiae

244 2116 455 2158 detectus
491 2120 563 2157 est
587 2110 822 2171 (Olympia
839 2113 906 2157 IV
943 2115 1034 2158 tab.
1074 2116 1147 2168 69,
1188 2115 1323 2167 1296,
1357 2128 1400 2170 p.
1435 2111 1559 2170 200).
1593 2121 1829 2170 praeterea
1862 2129 1958 2158 me-

245 2191 370 2232 dium
405 2191 511 2244 equi
541 2203 702 2244 corpus
739 2189 879 2231 fascia
912 2189 1104 2243 cingitur
1138 2190 1401 2241 cancellata,
1436 2190 1595 2245 quales
1631 2194 1678 2231 et
1709 2190 1754 2231 in
1781 2196 1955 2232 cratera

241 2263 409 2319 Cypria
458 2264 566 2306 artis
605 2263 1057 2319 Graecophoeniciae
1090 2259 1231 2320 (Ohn.
1268 2264 1454 2307 Richter
1487 2265 1666 2320 Kypros
1700 2278 1743 2319 p.
1779 2259 1859 2320 40)
1910 2270 1958 2306 et

244 2338 290 2379 in
313 2338 451 2380 fibula
486 2337 803 2394 antiquissima
828 2338 1019 2380 Boeotia
1041 2334 1322 2395 (Ephqarch.
1351 2338 1468 2382 1892
1493 2339 1585 2383 tab.
1610 2334 1688 2396 11)
1723 2343 1956 2395 apparent,

241 2425 298 2453 ex
336 2413 531 2454 ornandi
565 2414 741 2456 ratione
776 2420 916 2468 ortae,
962 2427 1050 2468 qua
1083 2420 1229 2456 totum
1263 2427 1426 2469 corpus
1462 2414 1740 2457 ornamentis
1772 2411 1958 2468 geome-
1996 2466 2007 2474 x

249 2488 369 2530 tricis
401 2489 661 2544 tegebatur:
687 2490 813 2532 cuius
838 2489 1022 2532 rationis
1057 2490 1278 2546 optimum
1311 2489 1573 2546 exemplum
1607 2495 1674 2532 est
1708 2501 1850 2545 equus
1884 2487 1959 2531 fic-

249 2563 338 2606 tilis
372 2563 563 2606 Athenis
597 2565 804 2608 Bonnam
839 2566 1033 2619 delatus,
1084 2564 1250 2608 Cretae
1284 2571 1334 2607 ut
1379 2565 1542 2608 dicitur
1575 2560 1783 2625 repertus
1815 2565 1985 2620 (nunc)

389 2710 405 2738 ¹
435 2712 511 2749 hoc
544 2725 728 2749 uasorum
758 2724 896 2759 genus,
939 2712 1048 2749 cuius
1088 2712 1269 2760 exempla
1296 2712 1542 2748 Barnabeius
1578 2712 1804 2760 composuit
1829 2711 1973 2761 Narce

240 2783 348 2814 eruta
380 2779 506 2827 (Mon.
537 2783 614 2816 ant.
643 2778 703 2814 IV
735 2776 815 2816 280
843 2778 956 2826 sqq),
987 2789 1032 2813 ex
1061 2789 1251 2817 uasorum
1276 2777 1515 2814 Graecorum
1548 2777 1650 2814 serie
1679 2777 1825 2826 pendet
1852 2787 1954 2826 quae

239 2844 411 2880 medium
442 2844 521 2884 sere
561 2844 660 2880 inter
688 2844 953 2891 protoatticas,
998 2844 1143 2891 quibus
1190 2845 1313 2880 forma
1355 2844 1461 2880 urcei
1502 2856 1593 2891 prae
1634 2844 1778 2881 ceteris
1816 2835 1980 2880 usitata*
2020 2854 2030 2857 ·’

239 2908 381 2944 similia
413 2914 515 2952 sunt,
544 2914 583 2944 et
612 2907 926 2957 protocorinthia
947 2907 1079 2944 locum
1100 2913 1243 2946 tenent.
1274 2909 1321 2946 cf.
1342 2908 1441 2945 infra
1455 2921 1494 2958 p.
1518 2906 1612 2960 13s4
1642 2914 1681 2945 et
1711 2907 1823 2945 Gsell
1840 2907 1958 2945 Vulci

237 2974 450 3023 380‘sqq„
493 2974 559 3023 qui
588 2974 894 3028 diligentissime
936 2974 1109 3023 exempla
1152 2974 1341 3021 conlegit:
1387 2975 1571 3012 addenda
1614 2979 1703 3011 sunt
1730 2973 2001 3032 Florentinas

239 3040 452 3088 complura.

387 3102 406 3132 2
432 3107 542 3144 Mon.
580 3111 660 3143 ant.
693 3105 752 3141 IV
790 3105 872 3144 tab.
900 3104 938 3151 6,
982 3104 1098 3149 6-7‚
1142 3106 1234 3144 Not.
1264 3106 1303 3144 d.
1332 3105 1394 3144 Sc.
1425 3104 1540 3150 1887,
1585 3086 1674 3145 173.
1730 3104 1988 3155 Florentiae,

235 3173 459 3221 exemplum
489 3173 678 3220 optimum
712 3173 957 3209 adseruatur.
1015 3172 1104 3218 equi
1151 3171 1241 3208 alati
1272 3172 1448 3219 expressi
1479 3183 1564 3207 esse
1592 3172 1774 3207 uidentur
1800 3172 1841 3207 in
1868 3182 1958 3209 ean-

232 3226 345 3277 tharo
375 3239 538 3275 Boston.
570 3238 620 3276 78
650 3236 753 3287 (Cat.
775 3237 1004 3273 Robinsoni
1043 3250 1068 3285 p
1111 3237 1195 3288 65).

2108 153 2113 161 κ
2119 146 2155 166 -³.=..·
2164 152 2168 158 ·
