2168 3573
1853 190 1911 262 *N-
1944 200 1967 254 ’ἶ
2119 229 2121 231 ·

989 253 1209 293 ...16-

243 384 365 442 pede
401 383 565 441 exiguo
598 384 759 442 nisum,
807 383 969 426 collum
1001 396 1028 424 a
1062 395 1251 438 corpore
1286 383 1552 427 distinctum
1589 397 1773 446 *sursum
1818 392 1954 430 coan-v

241 466 464 515 gustatur,
490 460 662 502 labrum
685 471 931 513 ansaeque,
956 458 1119 513 quibus
1152 471 1254 500 cum
1290 472 1482 514 corpore
1506 459 1618 501 illud
1653 461 1955 517 coniungitur,

245 536 376 593 quasi
409 549 434 577 e
468 535 642 578 laminis
667 534 822 577 aeneis
856 539 1032 577 resecta
1065 534 1294 579 uidentur.
1331 540 1477 577 totum
1500 544 1599 584 uas;
1634 535 1763 578 initio
1787 531 1961 581 humile⁴

244 618 380 666 atque
418 612 694 665 depressum,
729 615 892 664 postea
926 609 1145 665 grandius
1181 615 1320 665 atque
1355 610 1590 651 uenustius
1620 610 1682 661 fit,
1719 602 1839 654 collo
1874 612 1953 654 im·
2007 596 2010 597 ⁷

243 687 398 742 primis
442 685 575 727 altius
625 691 868 739 protracto.
921 691 1239 726 ornamentum
1274 685 1505 740 sollemne,
1555 684 1683 727 cuius
1735 683 1986 741 originem*

245 762 416 817 optime
450 760 730 803 Barnabeius
766 760 991 816 exposuit,
1026 761 1174 816 spirae
1209 760 1377 815 duplae
1412 767 1516 802 sunt
1550 761 1595 802 in
1629 767 1823 817 utraque
1856 776 1953 805 cor·
2002 786 2006 788 -

244 837 372 892 poris
407 842 536 891 parte
570 835 754 877 incisae.
821 836 1031 891 exempla
1064 841 1110 877 et
1141 849 1198 877 ex
1233 841 1351 877 terra
1385 835 1526 878 mixta
1560 837 1632 878 uel
1663 837 1844 880 rudiore
1879 826 1954 880 uel

244 911 424 966 puriore
458 917 505 952 et
538 925 595 952 ex
629 910 783 965 argilla
817 910 946 964 nigra
980 909 1131 951 subtili
1166 909 1268 951 ficta
1303 905 1549 967 exstant¹:
1582 911 1758 953 accedit
1790 924 1954 968 argen-

243 995 366 1029 teum
401 987 445 1028 in
480 1000 647 1041 magno
683 987 891 1041 sepulcro
917 985 1178 1028 Caeretano
1215 970 1394 1027 erutum
1429 984 1565 1040 (Mus.
1591 979 1730 1041 Greg.
1754 987 1772 1029 1
1797 989 1870 1039 62,
1895 986 1970 1043 8).,
1992 986 1995 988 ’
2016 994 2021 998 “

242 1054 483 1118 praeterea
516 1068 562 1103 et
597 1046 846 1117 amphorae
896 1075 953 1103 ex
988 1067 1107 1120 terr-a
1141 1061 1279 1102 mixta
1328 1060 1462 1103 fictae
1495 1061 1786 1121 inueniuntur
1821 1058 1972 1107 orna-]

243 1138 406 1180 mentis
425 1137 715 1191 geometricis
734 1137 866 1178 nouis
891 1137 1067 1190 (Milani
1090 1136 1214 1180 Mon.
1240 1143 1332 1179 ant.
1354 1137 1403 1178 II
1422 1133 1502 1192 46)
1524 1144 1570 1178 et
1592 1138 1796 1192 palmulis
1812 1130 1954 1180 Phoe-

242 1213 367 1255 niciis
401 1210 574 1267 (Berol.
611 1214 743 1255 1410.
773 1207 908 1266 1411)
943 1211 1197 1266 insignitae,
1231 1216 1278 1252 et
1310 1211 1549 1265 egregium<
1566 1219 1772 1254 seruatur
1803 1226 1953 1255 nouae

241 1288 347 1330 artis
381 1287 641 1343 exemplum
675 1286 970 1329 Berolinense
992 1274 999 1281 ’
1021 1283 1193 1341 (AAnz.
1233 1286 1368 1342 1893,
1403 1274 1500 1341 82),
1551 1286 1740 1329 flabellis
1775 1293 1822 1328 et
1856 1287 1952 1343 pal·

242 1365 372 1405 mulis
404 1363 662 1404 Phoeniciis
698 1363 833 1404 solito
868 1363 1003 1417 longe
1036 1363 1380 1418 pulchrioribus,
1415 1362 1576 1415 quibus
1626 1377 1773 1420 equus
1807 1364 1953 1405 alatus

242 1439 538 1495 interpositus
572 1445 656 1493 est,
692 1439 975 1482 decoratum.

391 1514 460 1556 Ex
494 1514 584 1556 hac
619 1515 762 1557 forma
796 1514 969 1556 deinde
1003 1514 1222 1569 amphora
1257 1521 1356 1573 orta
1391 1521 1462 1558 est
1497 1516 1668 1571 similis,
1709 1516 1794 1557 nisi
1829 1516 1952 1571 quod

244 1603 407 1646 corpus
462 1591 694 1645 aliquanto
729 1590 882 1632 exilius
934 1590 1058 1646 pede
1091 1590 1261 1632 maiore
1313 1590 1465 1632 nititur
1513 1603 1719 1646 zonaque
1761 1591 1954 1645 cingitur

244 1666 382 1707 costis
422 1665 600 1707 duabus
633 1665 832 1720 plasticis
867 1665 1051 1707 effecta:
1088 1666 1213 1707 cuius
1248 1666 1421 1708 formae
1444 1666 1559 1708 haec
1591 1667 1701 1708 noui
1723 1668 1952 1721 exempla:

397 1743 437 1782 1.
487 1739 659 1783 Canina
706 1740 821 1781 Veio
877 1741 968 1784 tab.
1028 1740 1098 1790 34,
1150 1743 1232 1783 17:
1292 1748 1446 1782 taurus
1504 1737 1563 1798 (Ρ)
1624 1747 1672 1783 et
1723 1741 1796 1784 leo
1842 1743 1952 1783 dex·

244 1822 440 1858 trorsum
475 1815 699 1860 conuersi.

391 1892 430 1936 2.
481 1890 707 1947 Petropol.
753 1891 867 1934 321:
924 1891 1190 1948 pantherae,
1241 1891 1327 1943 leo,
1390 1892 1512 1933 cerui
1566 1893 1744 1943 damae,
1795 1905 1948 1951 caneS,

244 1981 404 2009 ceruus
438 1968 596 2008 florem
631 1979 710 2008 ore
744 1973 922 2010 tenens.

391 2044 430 2086 3.
485 2042 683 2085 Vindob.
720 2042 831 2087 200:
867 2054 974 2084 aues
1008 2048 1225 2097 quattuor
1257 2043 1395 2084 rudes
1429 2043 1557 2098 spiris
1591 2049 1639 2086 et
1665 2044 1778 2086 rosis
1801 2043 1951 2088 diuisi.

386 2120 429 2160 4.
488 2116 689 2159 Vindob.
727 2112 843 2159 201:
891 2129 1003 2157 aues
1054 2122 1269 2171 quattuor
1318 2117 1544 2166 uolantes‚
1592 2119 1761 2159 eodem
1809 2120 1974 2160 modov

241 2192 476 2248 dispositi:
511 2191 774 2247 exemplum
809 2203 867 2233 eo
896 2191 1204 2246 memorabile,
1242 2193 1368 2248 quod
1392 2205 1533 2235 ansae
1556 2205 1650 2234 non
1674 2194 1951 2238 ornamentis

239 2268 407 2324 incisis,
442 2274 490 2309 ut
523 2267 687 2324 solent,
724 2268 810 2309 sed
842 2267 1052 2323 grypibus
1088 2264 1238 2308 binis2
1273 2267 1425 2309 formis
1450 2255 1795 2327 quadratis-(cf.
1816 2283 1952 2325 supra

238 2358 282 2399 p.
320 2339 399 2397 10)
432 2343 660 2399 impressis
695 2343 944 2385 decoratae
979 2348 1110 2385 sunt:
1162 2356 1250 2398 qua
1303 2343 1497 2386 ornandi
1542 2344 1720 2387 ratione
1764 2344 1854 2387 iam
1888 2346 1951 2388 ad

240 2419 481 2475 amphoras
506 2419 776 2461 deducimur
800 2418 970 2461 formae
994 2431 1112 2475 quae
1136 2419 1300 2460 dicitur
1322 2418 1674 2462 Nicosthenicae
1697 2416 1772 2475 (cf.
1797 2433 1840 2476 p.
1866 2417 1960 2477 23)
2022 2413 2029 2417 i

241 2496 367 2537 cuius
402 2495 662 2549 exemplum
695 2501 743 2536 et
776 2495 922 2549 ipsum
957 2494 1232 2537 ornamentis
1265 2494 1550 2549 geometricis
1584 2494 1734 2537 incisis
1769 2494 1950 2551 insigni-

239 2575 330 2611 tum
366 2569 542 2612 Oruieti
587 2574 762 2611 erutum
796 2574 868 2611 est
916 2564 1043 2626 (Not.
1080 2569 1125 2612 d.
1160 2568 1231 2612 Sc.
1271 2569 1404 2619 1887,
1440 2570 1544 2612 351.
1594 2569 1650 2614 cf.
1686 2568 1783 2614 Cat.
1819 2568 1950 2614 Carn-

239 2657 361 2700 pana
395 2643 456 2687 111
495 2638 620 2701 140).
1945 2663 1950 2670 ’

386 2720 440 2763 ΙΙ.
492 2720 615 2762 urcei
659 2719 833 2761 formae
884 2719 1241 2773 antiquissimae,
1292 2720 1406 2761 collo
1453 2733 1480 2762 a
1515 2733 1703 2776 corpore
1735 2721 1950 2764 distincto

241 2795 443 2850 cylindro
478 2794 622 2848 simili,
673 2800 837 2836 uentre
870 2793 1026 2836 striata
1056 2794 1308 2848 praeditae.
1365 2807 1537 2837 aeneus
1573 2794 1723 2838 Narce
1757 2796 1949 2839 effossus
1982 2786 1984 2788 ¹

390 2978 407 3006 1
435 2980 681 3018 Barnabeius
711 2981 738 3018 1.
760 2992 794 3019 c.
822 2980 953 3018 Berol.
986 2979 1261 3021 1406—1411.
1290 2982 1469 3021 Vindob.
1493 2966 1714 3022 196—199.
1735 2983 1816 3021 Cat.
1838 2983 1949 3021 Cam-

238 3058 341 3094 pana
360 3047 422 3082 III
449 3046 514 3085 32.
545 3047 640 3084 Not.
662 3047 699 3084 d.
730 3046 791 3085 Sc.
822 3045 983 3097 1884s5,
1022 3047 1098 3086 686
1131 3048 1330 3095 (Corneti),
1361 3049 1476 3099 1887,
1506 3048 1584 3088 266
1605 3048 1784 3098 (Faleriis
1806 3041 1949 3096 eruta).

387 3109 405 3137 2
434 3124 578 3161 grypes
600 3113 773 3149 eiusdem
803 3113 950 3150 formae
981 3114 1288 3162 antiquissimae,
1316 3115 1451 3152 rostris
1481 3109 1632 3152 clausis
1650 3115 1799 3163 alisque
1826 3128 1950 3152 recur-

235 3180 337 3216 uatis
366 3179 547 3228 praediti,
591 3180 631 3215 in
659 3178 844 3227 amphora
874 3180 1052 3218 Vindob.
1083 3180 1174 3228 202,
1219 3182 1451 3217 ornamentis
1487 3186 1653 3218 ceterum
1683 3187 1854 3230 carente,
1887 3178 1951 3218 oc·‘
2016 3224 2019 3225 ⁷
2063 3172 2077 3176 ⁴-

236 3251 406 3283 currunt.
