2168 3573
902 244 1168 288 .—2—-
1887 242 1905 273 r

209 380 388 425 flamma
426 383 481 425 ab
517 382 655 423 altera
693 387 866 423 tantum
908 385 1035 434 parte
1069 382 1273 431 urgente.
1309 377 1434 431 quod
1457 388 1557 418 cum
1590 375 1760 431 optime
1794 373 1916 429 figuli

208 460 456 508 uenissent,
505 471 586 512 pro
621 471 700 499 sua
752 456 941 510 quisque
1003 453 1187 494 libidine
1236 453 1364 507 nigra
1413 453 1483 494 uel
1525 453 1659 495 rubra
1701 466 1811 495 uasa
1843 451 1916 494 uel

209 533 408 575 bicolora
466 531 722 585 fingebant:
776 529 962 571 Troiani
1012 528 1137 582 nigra
1185 527 1453 581 praetulisse
1498 527 1726 577 uidentur,
1779 528 1915 572 rubra

210 608 358 662 Cyprii
395 614 439 648 et
473 620 586 661 gens
638 606 711 646 illa
762 604 1071 658 antiquissima
1115 608 1241 644 certo
1292 615 1385 643 non
1420 602 1671 656 Aegyptiae
1719 603 1913 658 originis,

212 685 334 726 cuius
360 696 471 725 uasa
505 681 724 737 permulta
759 680 822 722 Fl.
858 679 1005 722 Petrie
1058 678 1100 719 in
1139 677 1351 733 sepulcris
1402 690 1545 733 prope
1583 676 1769 721 Thebas
1807 679 1915 728 *sitis

210 765 348 812 atque
383 758 458 799 XI.
488 756 725 809 dynastiae.
778 740 1027 795 tribuendis
1081 753 1252 795 effodit.
1291 766 1428 808 quae
1478 767 1590 795 uasa
1640 766 1915 810 quamquam

210 832 361 873 formis
397 846 423 872 a
457 830 662 870 Troianis
699 828 970 882 Cypriisque
1003 828 1269 882 plerumque
1305 828 1486 870 diuersa
1537 835 1657 878 sunt,
1707 830 1915 885 exempla

209 913 361 947 tamen
395 910 585 953 exstant,
622 916 737 958 quac
773 917 798 944 a
838 901 1039 957 Phrygiis
1074 901 1144 945 Al.
1169 901 1359 943 Koertei
1399 891 1538 957 opera
1572 904 1708 945 erutis
1741 903 1815 945 uix
1849 905 1915 946 di-

210 981 431 1022 stinxeris.
471 986 567 1019 toto
602 978 734 1031 igitur
766 977 880 1018 mari
904 978 1090 1030 Aegaeo
1123 977 1238 1018 inter
1261 977 1538 1019 tricesimum
1572 984 1619 1020 et
1651 979 1916 1020 uicesimum

206 1056 378 1098 circiter
410 1067 449 1094 a.
488 1051 589 1094 Chr.
630 1051 861 1093 saeculum
913 1052 1109 1092 eandem
1161 1057 1304 1093 artem
1339 1051 1583 1106 figulinam‚
1639 1053 1822 1107 singulis
1872 1053 1917 1094 in

208 1129 465 1186 regionibus
500 1127 622 1169 haud
657 1127 719 1167 ita
755 1127 944 1167 multum
976 1126 1212 1180 uariatam,
1246 1127 1292 1167 in
1326 1139 1409 1168 usu
1446 1127 1585 1169 fuisse
1619 1128 1843 1172 uidemus.

359 1205 510 1257 Atque
545 1202 651 1242 inde
685 1201 743 1242 ab
778 1201 1097 1256 antiquissimis
1144 1202 1420 1255 temporibus
1467 1194 1580 1244 uasa
1621 1209 1665 1244 et
1699 1205 1917 1246 adcurate

209 1274 445 1335 expolire1
480 1284 526 1318 et
573 1276 847 1318 ornamentis
891 1276 1180 1330 geometricis
1221 1276 1387 1326 incisis,
1438 1276 1566 1318 lineis
1609 1277 1744 1319 rectis
1778 1283 1917 1332 atque

207 1354 350 1402 tortis,
403 1352 575 1393 circulis
611 1352 681 1391 uel
735 1352 1026 1391 semicirculis
1081 1352 1249 1391 eodem
1301 1357 1457 1391 centro
1503 1352 1740 1406 descriptis
1775 1353 1914 1393 deco·

210 1440 309 1469 rare
344 1426 462 1480 figuli
500 1425 720 1475 solebant,
761 1437 909 1479 neque
955 1438 1011 1465 eo
1046 1424 1250 1466 contenti
1292 1438 1399 1467 mox
1432 1425 1573 1467 lineas
1606 1416 1708 1468 rudi
1739 1426 1839 1469 stilo
1872 1426 1918 1468 in

211 1509 380 1544 cretam
434 1508 676 1555 antequam
728 1506 1001 1554 coqueretur
1049 1501 1216 1541 incisas
1267 1501 1492 1543 coloribus
1539 1502 1673 1543 rubro
1718 1510 1766 1543 et
1813 1503 1917 1544 albo

208 1578 390 1632 explere
435 1581 700 1629 coeperunt:
753 1575 880 1616 cuius
931 1575 1039 1616 artis
1093 1575 1299 1630 exempla
1351 1582 1399 1617 et
1438 1576 1638 1618 Troiana
1688 1577 1918 1632 complura

211 1658 392 1693 exstant
440 1657 486 1692 et
522 1650 729 1692 urceolus
763 1662 897 1703 quem
938 1648 1099 1690 Gordii
1133 1649 1378 1691 Koerteius
1413 1651 1544 1701 eruit,
1580 1651 1699 1699 satis,
1725 1657 1917 1693 uenuste

207 1728 279 1768 illa
312 1727 488 1768 ratione
525 1732 724 1767 ornatus,
790 1725 872 1765 sed
909 1737 1188 1779 quamquam
1223 1725 1508 1780 geometrica
1543 1726 1617 1767 illa
1650 1733 1917 1768 ornamenta

208 1803 253 1843 in
290 1802 520 1843 schemata
553 1807 677 1842 certa
710 1807 848 1854 atque
883 1800 992 1841 satis
1028 1800 1255 1853 elegantia
1288 1799 1450 1855 figulos
1481 1800 1817 1856 antiquissimos
1851 1814 1917 1843 re-

210 1876 391 1930 degisse
425 1882 624 1930 apparet‚
678 1874 842 1929 figuras
875 1874 947 1915 uel
994 1874 1252 1916 animalium
1290 1875 1361 1915 uel
1394 1874 1629 1917 hominum
1664 1875 1915 1931 exprimere

208 1952 414 1991 nondum
451 1951 717 1993 didicerant.
777 1962 887 1990 sane
918 1955 963 1989 et
1000 1949 1169 1990 Troiae
1204 1962 1316 1990 uasa
1363 1949 1510 2004 figuris
1558 1950 1710 1991 incisis
1757 1960 1919 1992 ornata

208 2031 384 2080 reperta
420 2030 524 2065 sunt
553 2021 614 2079 (e.
649 2038 689 2078 g.
723 2023 1007 2065 Schliemann
1040 2023 1144 2066 Ilios
1179 2022 1316 2076 461),
1367 2025 1483 2066 sicut
1516 2024 1705 2079 plastica
1739 2037 1918 2080 quoque

209 2098 419 2140 animalia
473 2099 722 2138 admodum
777 2098 905 2138 rudia
958 2099 1079 2138 uasis
1137 2098 1427 2151 adglutinata
1482 2105 1724 2140 occurrunt
1779 2097 1919 2153 (uelut

210 2172 302 2215 AM
335 2172 400 2214 XI
423 2170 548 2228 209),
583 2178 629 2214 et
650 2172 764 2213 inter
788 2185 899 2213 uasa
933 2171 1102 2217 Thebis
1126 2178 1253 2215 eruta
1286 2173 1504 2216 nonnulla
1525 2157 1918 2216 struthiocamelos

209 2248 477 2302 palmasque
502 2247 663 2288 incisas
688 2246 900 2288 exhibere
935 2246 1108 2288 Petrius
1144 2247 1299 2289 tradit:
1334 2260 1485 2303 neque
1498 2232 1624 2290 'uero
1671 2254 1794 2289 certa
1829 2248 1919 2290 iam

210 2329 347 2377 atque
385 2323 643 2363 constantia
678 2323 783 2363 artis
820 2323 1047 2364 elementa
1082 2329 1199 2376 sunt,
1237 2324 1321 2365 sed
1354 2323 1591 2378 figulorum
1632 2325 1918 2379 quorundam

213 2397 394 2439 arbitrio
432 2397 668 2439 debentur.
722 2397 845 2452 quod
879 2411 989 2440 uero
1024 2397 1324 2453 fragmentum
1359 2396 1804 2441 attinet'Troianum
1836 2397 1920 2440 ho-

208 2473 328 2513 mine
383 2473 561 2513 leonem
597 2473 814 2527 adgresso
850 2480 1073 2523 ornatum,
1130 2473 1234 2515 huic
1267 2474 1418 2515 multis
1452 2474 1642 2515 saeculis
1676 2479 1919 2528 postquam

208 2548 363 2589 fictum
401 2554 510 2598 erat,
547 2561 697 2602 neque
720 2549 908 2603 integro,
945 2549 1027 2590 sed
1053 2549 1140 2590 iam
1164 2549 1402 2591 confracto
1437 2549 1604 2604 figuras
1629 2548 1794 2590 incisas
1818 2561 1919 2590 esse
1972 2564 1975 2566 ·

208 2622 465 2664 acutissime
499 2621 850 2664 Milchhoeferus
885 2622 1162 2667 contendit2.

357 2756 370 2784 ¹
406 2759 507 2794 adeo
536 2757 609 2793 hac
637 2757 676 2792 in
706 2762 787 2792 arte
816 2756 927 2803 figuli
954 2756 1013 2792 illi
1034 2756 1296 2805 antiquissimi
1315 2757 1492 2805 prouecti
1508 2761 1632 2807 verant,
1652 2762 1693 2793 ut
1715 2768 1736 2793 a
1755 2757 1920 2805 posteris

209 2824 275 2862 uix
305 2825 475 2873 superati
505 2824 599 2860 sint:
628 2822 732 2858 uelut
748 2823 963 2868 fragmenta
985 2823 1156 2871 Phrygia
1176 2824 1338 2860 Bonnae
1357 2824 1611 2860 adseruantur
1631 2829 1707 2860 tam
1737 2824 1837 2860 bene
1856 2835 1921 2859 ex-

208 2892 340 2939 polita,
355 2895 398 2926 ut
414 2902 435 2926 a
452 2890 627 2925 Cumano
644 2899 742 2925 saec.
758 2893 801 2923 ut
814 2887 969 2923 uidetur
986 2889 1055 2926 VI.
1072 2889 1282 2924 tribuendo
1299 2889 1478 2935 dignosci
1494 2901 1650 2936 prorsus
1666 2900 1745 2924 non
1760 2882 1920 2936 possint.

357 2953 376 2980 2
403 2955 535 2992 Zschr.
574 2955 598 2992 f.
629 2952 747 2990 Ethn.
779 2952 894 2995 1893,
923 2952 1018 2990 367:
1055 2965 1184 3001 neque
1213 2960 1341 2990 tamen
1382 2955 1665 3001 neglegendum
1693 2959 1762 3000 est,
1802 2958 1921 2989 artem

207 3021 315 3058 illam
344 3021 385 3056 in
414 3019 583 3056 Aeolica
619 3031 687 3055 ora
715 3018 755 3052 in
798 3029 869 3053 usu
898 3018 1102 3067 mansisse,
1142 3030 1229 3054 cum
1268 3019 1429 3068 reliquis
1456 3019 1553 3055 locis
1581 3009 1658 3055 iam
1689 3018 1757 3054 diu
1787 3017 1922 3054 abole-

208 3088 352 3124 uisset:
396 3087 436 3122 id
480 3085 589 3133 quod
633 3084 737 3119 uasis
783 3083 905 3128 nigris
948 3095 969 3119 a
1012 3083 1258 3132 Koldeweyo
1300 3085 1528 3131 Neandriae
1577 3083 1762 3120 conlectis
1805 3089 1921 3131 atque

207 3166 239 3192 s.
268 3154 359 3191 VII.
389 3151 606 3188 tribuendis
637 3150 856 3200 (Neandria
887 3148 1056 3192 14-16,
1089 3149 1152 3199 19)
1181 3151 1439 3190 confirmatur.
1470 3151 1520 3189 cf.
1549 3149 1788 3198 Doerpseldt
1806 3149 1923 3187 Troia

208 3219 322 3269 1893,
355 3218 431 3257 109
491 3217 577 3255 116.
