2168 3573
997 198 1220 239 ..42-

254 330 410 373 siuerit
443 329 561 386 quis,
606 343 686 372 cur
720 343 810 372 non
845 344 903 372 ex
948 329 1048 387 ipsa
1087 330 1266 373 Etruria
1300 336 1491 389 utraque
1535 330 1751 388 origine-m
1782 328 1981 374 duxisse‘
2024 359 2034 363 -
2063 330 2077 366 -’
2106 321 2168 390 ’ζ’Ῠ

250 412 516 458 statuamus,
567 405 834 459 praesertim
869 418 973 446 cum
1008 406 1164 447 leones
1200 406 1405 448 homines
1442 408 1721 448 deuorantes
1756 399 1966 450 simillimi
2013 432 2019 439 «

252 488 298 524 et
330 481 374 523 in
410 481 500 525 olla
533 480 848 536 antiquissima
864 479 1061 524 Veiente
1095 487 1221 524 certo
1263 481 1456 526 Etrusca
1478 486 1673 533 exstent,
1709 488 1757 525 et
1789 481 1834 525 in
1867 472 2000 526 arte*

249 555 485 611 Euganea,
520 569 656 610 quam
680 555 884 597 Etruscis
909 569 1093 612 quoque
1127 563 1284 599 notam
1319 558 1455 599 fuisse
1474 563 1667 607 constat,
1703 557 1964 616 frequentes

249 638 499 675 occurrant.
535 645 625 673 non
663 645 780 687 nego
822 631 1032 687 speciosa
1064 632 1179 675 haec
1220 639 1485 688 argumenta
1517 632 1659 688 primo
1692 632 1856 676 obtutu
1894 633 1962 676 ui-

250 706 358 750 deri.
398 706 563 749 etenim
613 706 657 747 in
709 706 921 762 operibus
967 706 1049 750 illis
1083 707 1326 763 Euganeis,
1370 720 1488 764 quae
1537 706 1751 762 imprimis
1786 708 1961 761 Ateste,

249 783 333 822 sed
368 781 462 823 aliis
496 795 680 837 quoque
713 782 871 823 Italiae
914 783 1282 837 septentrionalis
1334 783 1446 825 locis
1495 782 1617 825 facta
1664 795 1766 824 esse
1798 790 1911 838 puto
1928 780 1965 834 ¹,
1996 829 1999 831 ,

252 863 456 898 monstra
491 863 734 899 occurrunt
767 857 931 900 nostris
965 857 1200 908 simillima,
1250 857 1463 913 imprimis
1499 857 1655 899 leones
1688 863 1736 900 et
1769 856 1962 913 panthe-

249 945 325 975 rae
359 932 494 982 alata,
530 931 765 974 hominum
790 933 864 975 uel
888 933 1146 975 animalium
1173 946 1301 975 crura
1322 933 1526 975 faucibus
1548 945 1686 988 saepe
1712 929 1959 982 tenentes2,
1984 966 1987 967 γ

247 1016 488 1064 praeterea
521 1022 689 1065 grypes
725 994 1068 1066 alatiquidem,
1103 1011 1187 1052 sed
1210 1018 1422 1053 ceterum*
1443 1009 1610 1052 nostris
1644 1008 1825 1065 similes,
1859 1009 1965 1066 equi

247 1084 477 1126 interdum
532 1084 651 1135 alati,
702 1084 822 1128 cerui
872 1090 917 1127 et
968 1097 1160 1140 capreae
1213 1085 1389 1140 plantas
1438 1097 1515 1126 ore
1569 1089 1792 1135 tenentes,
1857 1097 1963 1126 cen-

248 1160 365 1201 tauri
391 1157 542 1204 alati3.
582 1161 667 1202 sed
701 1160 910 1216 quamuis
945 1161 1007 1201 ad
1042 1147 1587 1215 exempla'uetustissima
1622 1160 1782 1204 Ionica
1817 1165 1962 1202 artem

252 1235 520 1290 Euganeam
553 1235 700 1278 redire
734 1241 971 1292 appareat,
1004 1235 1102 1291 ipsa
1141 1241 1294 1278 tamen
1328 1249 1445 1292 quae
1481 1242 1663 1280 seruata
1696 1241 1798 1279 sunt
1821 1247 1962 1292 opera

252 1311 445 1364 caelata,
497 1323 777 1364 quamquam
823 1311 962 1364 uulgo
1012 1312 1075 1352 eis
1126 1317 1322 1352 aetatem
1373 1312 1502 1353 nimis
1552 1317 1783 1354 recentem
1832 1311 1964 1352 tribui

250 1392 376 1442 puto,
426 1398 545 1429 saec.
581 1384 657 1429 VI.
710 1385 864 1427 medio
915 1385 1169 1441 antiquiora
1203 1391 1326 1428 certo
1359 1398 1451 1428 non
1485 1391 1605 1429 sunt.
1652 1398 1763 1429 uasa
1812 1391 1964 1435 autem

252 1461 428 1516 scalpta
465 1467 511 1501 et
542 1461 671 1515 nigra
705 1466 750 1502 et
783 1460 966 1503 bernice
1000 1460 1201 1515 inducta,
1237 1461 1387 1515 primis
1423 1474 1543 1506 saec,
1577 1461 1652 1504 VI.
1684 1461 1815 1504 annis
1841 1461 1965 1503 facta

254 1549 357 1577 esse
394 1542 588 1589 constat,
634 1549 723 1590 qua
757 1549 803 1576 re
839 1536 1128 1590 exemplaria,
1165 1550 1189 1577 e
1227 1536 1385 1590 quibus
1420 1537 1626 1592 pendent
1675 1532 1829 1593 (quale
1862 1550 1964 1593 scy-

254 1610 370 1666 phus
407 1610 751 1653 Vetuloniensis
787 1609 877 1663 est)
912 1623 1032 1655 saec.
1067 1609 1163 1654 VII.
1196 1611 1448 1653 recentiora
1471 1624 1565 1653 non
1599 1610 1738 1653 fuisse
1772 1611 1964 1653 demon-

255 1684 468 1731 stratur,4.
506 1693 643 1742 atque
686 1687 966 1742 argumentis
999 1686 1163 1729 nostris
1212 1686 1302 1729 hoc
1334 1687 1524 1738 accedit,
1576 1687 1704 1743 quod
1747 1686 1792 1729 in
1828 1700 1962 1730 orna-

255 1767 416 1803 mento
451 1762 671 1817 pectorali
705 1761 974 1812 Caeretano,
1027 1761 1169 1803 situlis
1216 1762 1445 1817 Euganeis
1495 1762 1825 1818 quinquaginta
1868 1761 1963 1804 fere

251 1837 380 1879 annis
418 1838 684 1887 uetustiore,
720 1839 875 1880 leones
912 1838 1112 1893 expressi
1146 1844 1249 1880 sunt
1282 1839 1460 1892 plantas
1485 1838 1688 1881 faucibus
1723 1844 1964 1883 tenentes:
2025 1882 2035 1884 r

252 1911 328 1967 qui
365 1918 496 1967 typus
528 1919 684 1968 aperte
715 1926 740 1954 e
776 1913 910 1955 leone
943 1912 1173 1954 hominem
1207 1924 1439 1967 ceruoque
1472 1913 1674 1967 plantam
1709 1913 1964 1956 deuorante

250 1988 590 2031 contaminatus
624 1994 708 2032 est.
744 1993 933 2044 apparet
968 1987 1193 2030 eiusmodi
1226 2000 1398 2031 errores
1432 2001 1524 2030 non
1559 1988 1643 2030 nisi
1675 1988 1721 2030 in
1754 1993 1852 2030 arte
1875 1988 1964 2030 iam

254 2064 331 2105 diu
367 2064 558 2107 florente
592 2071 638 2106 et
672 2078 824 2120 paene
857 2069 1127 2106 senescente
1162 2064 1372 2106 accidere
1404 2076 1555 2118 posse.
1607 2076 1722 2118 quae
1766 2077 1865 2106 cum
1899 2063 1964 2106 ita

253 2139 356 2195 sint,
392 2140 510 2182 duos
548 2140 637 2182 iam
671 2139 802 2196 quasi
834 2139 957 2181 riuos
992 2139 1201 2181 uidemus
1235 2152 1290 2181 ex
1320 2138 1627 2181 uetustissimo
1659 2137 1786 2181 fonte
1808 2138 1964 2182 lonico

250 2214 488 2256 elementis
523 2215 738 2257 Asiaticis
773 2214 972 2256 admixto
1026 2214 1278 2258 deriuatos:
1330 2227 1524 2269 quorum
1574 2214 1686 2256 alter
1717 2227 1798 2269 per
1829 2215 1963 2257 maris

399 2346 414 2374 ¹
442 2350 709 2398 exemplorum
737 2360 915 2395 magnam
944 2349 1096 2397 copiam
1127 2349 1324 2395 congessit
1352 2348 1642 2385 Prosdocimius
1687 2348 1801 2397 (Not.
1832 2351 1870 2388 d.
1900 2351 1963 2389 Sc.

251 2414 411 2466 1882l3,
442 2416 492 2454 10
521 2417 639 2464 sqq.),
684 2416 752 2463 qui
796 2414 1088 2451 adcuratissime
1137 2415 1186 2451 de
1230 2415 1413 2451 uniuersa
1453 2419 1531 2450 arte
1574 2415 1666 2461 egit.
1701 2416 1750 2454 cf.
1786 2417 1965 2453 Zannoni

248 2482 361 2519 Scavi
391 2482 495 2518 della
524 2482 685 2518 Certosa
714 2479 778 2530 35,
822 2481 916 2518 Gaz.
945 2479 1048 2518 arch.
1082 2478 1184 2518 1888
1214 2479 1292 2517 tab.
1328 2477 1389 2529 12,
1430 2478 1549 2516 Atlas
1579 2480 1617 2518 d.
1647 2480 1961 2520 Centralcomiss.

248 2550 328 2587 tab.
358 2548 467 2599 53s4,
496 2549 711 2586 Montelius
743 2548 892 2586 Civilis.
921 2560 968 2584 en
995 2546 1106 2585 Italie
1135 2547 1215 2585 tab.
1247 2545 1298 2586 55
1329 2559 1415 2595 sqq.

396 2613 414 2640 2
442 2616 541 2652 sella
570 2628 728 2664 quoque
755 2616 796 2651 in
825 2615 939 2652 situla
968 2614 1213 2650 Bononiensi
1242 2625 1426 2662 expressa
1461 2613 1621 2651 leonum
1649 2615 1841 2663 protomis
1871 2614 1963 2652 dua-

249 2683 323 2719 bus
353 2687 525 2725 ornatur,
555 2694 721 2730 quorum
750 2682 846 2718 alter
873 2681 1085 2724 hominem,
1117 2680 1216 2716 alter
1244 2691 1421 2727 capream
1452 2685 1493 2716 ut
1521 2681 1675 2718 uidetur
1703 2680 1881 2719 deuorat.

399 2745 416 2773 3
442 2749 558 2785 huius
586 2748 670 2797 typi
691 2749 1001 2796 antiquissimum
1021 2746 1239 2794 exemplum
1260 2750 1383 2783 exstat
1405 2744 1574 2783 Atticum
1595 2747 1681 2783 AM
1699 2746 1843 2785 XVIII
1865 2746 1962 2789 113:

249 2816 439 2852 accedunt
466 2813 614 2862 Ionica,
644 2815 900 2860 fragmentum
930 2814 1069 2850 Rhodi
1100 2818 1250 2848 erutum
1279 2813 1449 2859 ingentis
1489 2814 1696 2850 uetustatis
1739 2814 1962 2860 (Salzmann

248 2882 329 2930 39),
372 2894 467 2918 uasa
509 2882 620 2927 nigra
661 2881 795 2917 formis
840 2880 1066 2929 cylindratis
1096 2884 1244 2928 ornata,
1287 2883 1329 2915 ut
1358 2879 1509 2917 Annali
1556 2879 1656 2924 1877
1686 2881 1779 2929 UV,
1824 2879 1964 2918 situlae

248 2949 456 2994 Euganeae
495 2946 606 2994 (Gaz.
639 2947 742 2984 arch.
774 2946 876 2984 1888
917 2947 997 2983 tab.
1029 2945 1098 2983 12:
1139 2945 1216 2980 alia
1258 2946 1384 2981 forma
1425 2947 1516 2982 Not.
1548 2946 1585 2982 d.
1616 2945 1677 2982 Sc.
1710 2943 1857 2994 1884s5
1888 2944 1964 2983 173

248 3016 327 3052 tab.
359 3015 412 3063 1).
444 3016 490 3052 cf.
521 3015 657 3050 Micali
687 3014 818 3050 Storia
845 3012 909 3058 46,
942 3013 1004 3052 17.
1038 3012 1098 3050 18.

396 3077 415 3104 4
443 3092 537 3116 casu
563 3080 706 3116 sactum
737 3084 809 3130 est,
838 3083 881 3116 ut
909 3079 1024 3116 huius
1057 3078 1151 3114 artis
1181 3089 1299 3114 unum
1328 3082 1475 3114 tantum
1506 3083 1627 3115 exstet
1658 3077 1893 3127 exemplum,
1921 3076 1961 3113 in

250 3159 327 3194 quo
371 3147 435 3183 leo
479 3147 675 3183 hominem
720 3147 916 3183 deuorans
967 3157 1174 3195 expressus
1212 3132 1300 3189 est,v
1325 3145 1419 3182 cista
1447 3145 1616 3194 '‘Clusina
1656 3145 1704 3182 de
1746 3156 1822 3194 qua
1850 3155 1966 3192 supra

249 3211 304 3263 (p.
322 3211 404 3263 21)
432 3213 590 3261 egimus.
