2168 3573
1003 207 1229 249 ...35—

410 342 530 386 Huic
578 356 790 386 uasorum
823 342 955 390 seriei
987 342 1075 384 alia
1106 341 1425 396 subiungenda
1459 347 1541 392 est,
1588 340 1720 383 cuius
1752 338 1976 397 exempla,

272 419 320 461 in
354 418 532 480 Etruria
565 425 727 462 cuncta
761 424 955 476 reperta,
1010 424 1057 462 et
1087 418 1298 461 uniuersa
1329 418 1550 475 pingendi
1598 417 1773 461 ratione
1806 424 1854 459 et
1882 417 1979 473 pal-

267 494 398 542 mulis
430 493 700 552 Phoeniciis,
757 495 922 549 quibus
953 501 999 535 et
1032 494 1133 549 ipsa
1166 484 1397 548 ornantur,
1454 507 1557 536 cum
1590 493 1673 535 illis
1707 499 1977 548 congruunt.

265 583 457 627 quorum
492 571 617 612 duae
654 569 868 626 imprimis
903 569 1076 612 formae
1110 575 1379 612 occurrunt:

409 646 440 691 Ι.
494 647 616 689 urcei
665 646 828 688 utrium
872 645 1038 688 similes
1063 645 1256 688 vformae
1311 645 1587 689 Corinthiae.
1640 646 1849 701 exempla
1881 646 1975 686 edi-

263 722 427 763 derunt
459 721 628 764 Lauius
671 717 869 777 (Griech.
906 719 1014 765 Vas.
1056 719 1104 775 5)
1156 727 1202 762 et
1236 720 1779 775 Genic'k-Furtwaengler
1811 719 1975 775 (Kera-

260 795 351 837 mik
386 793 475 852 34).
513 802 659 838 totum
693 808 788 852 uas,
823 809 880 837 ex
914 796 1069 850 argilla
1119 796 1313 838 sufflaua
1346 803 1486 850 atque
1519 796 1629 838 satis
1660 809 1772 851 pura
1806 795 1973 849 fictum,

261 871 445 912 bernice
477 870 711 912 inductum
744 877 829 921 est,
876 877 1077 925 excepta
1110 870 1261 912 infima
1298 871 1467 912 uentris
1498 876 1641 925 parte,
1690 883 1807 926 quae
1837 871 1973 912 radiis

261 946 390 1001 pictis
424 952 621 990 ornatur.
679 946 724 987 in
757 945 878 988 collo
913 952 961 987 et
996 945 1042 987 in
1076 958 1287 988 ansarum
1335 945 1491 987 rotulis
1526 950 1797 1000 punctorum
1827 958 1973 999 rosae,

261 1021 306 1063 in
342 1022 476 1063 anulo
509 1019 715 1077 plastico,
753 1005 842 1076 quo
877 1022 1042 1063 collum
1073 1021 1276 1076 cingitur,
1325 1027 1495 1075 puncta
1529 1020 1682 1062 colore
1714 1021 1816 1062 albo
1850 1022 1975 1076 picta

261 1102 379 1141 sunt.
415 1096 625 1138 humerus
647 1097 813 1139 bacillis
833 1096 1016 1150 scalptis
1034 1102 1220 1138 ornatur
1237 1096 1491 1137 admodum
1512 1096 1671 1150 longis,
1707 1107 1823 1150 quae
1847 1096 1973 1138 lineis

260 1171 445 1212 alternis
479 1172 697 1218 rubriset
730 1171 840 1212 albis
873 1172 1169 1224 decorantur,
1222 1176 1384 1211 uenter
1428 1172 1727 1225 palmularum
1777 1170 1973 1212 Phoeni·-

262 1245 430 1287 ciarum
465 1258 580 1287 zona
613 1245 788 1300 scalpta
850 1250 986 1299 atque
1021 1244 1200 1286 eisdem
1235 1244 1464 1286 coloribus
1514 1245 1638 1300 picta
1673 1251 1720 1286 et
1769 1245 1973 1287 semicir-

261 1313 463 1375 culorum
495 1321 841 1361 intersectorum
880 1331 996 1360 zona
1030 1331 1206 1360 sursum
1241 1332 1461 1361 conuersa
1473 1316 1504 1372 1,
1550 1321 1709 1362 addita
1743 1321 1972 1362 interdum

261 1393 347 1436 alia
381 1386 597 1437 deorsum
647 1405 904 1436 conuersa:
964 1394 1038 1449 qui
1074 1393 1225 1436 circuli
1271 1393 1378 1436 nihil
1428 1401 1535 1436 sunt
1582 1395 1667 1437 nisi
1716 1395 1973 1437 rudimenta

259 1475 309 1510 ut
342 1469 406 1512 ita
438 1468 587 1511 dicam
617 1471 769 1512 'zonae
803 1482 828 1509 e
863 1468 942 1510 loti
978 1468 1166 1511 floribus
1204 1476 1249 1510 et
1283 1469 1510 1524 calycibus
1545 1470 1830 1525 compositae
1843 1466 1874 1512 2.
1915 1492 1969 1498 —

258 1531 374 1587 tales
422 1544 543 1585 urcei
589 1543 711 1585 haud
757 1556 858 1585 raro
895 1544 941 1584 in
997 1544 1214 1598 sepulcris
1246 1544 1448 1586 Etruscis
1484 1557 1605 1589 saec,
1641 1544 1719 1588 VI.
1769 1545 1826 1588 in.
1860 1545 1971 1601 effo-

259 1618 454 1662 diuntur.
497 1623 719 1673 ‚quattuor
751 1617 951 1659 Berolini
1001 1619 1306 1660 adseruantur
1338 1614 1700 1675 (1252—1255),
1758 1624 1971 1674 quattuor

258 1693 303 1734 in
354 1705 514 1734 museo
564 1692 849 1742 Monacensi,
903 1693 950 1733 in
983 1692 1334 1746 Virceburgensi
1383 1694 1475 1734 duo
1526 1690 1616 1747 (70.
1657 1695 1713 1736 71
1749 1691 1874 1750 Url.),
1923 1695 1968 1735 in

258 1766 504 1809 Torloniae
537 1766 747 1822 principis
796 1766 985 1809 aedibus
1018 1779 1095 1809 sex
1129 1764 1272 1822 (Gsell
1309 1765 1438 1808 Vulci
1472 1766 1597 1821 489),
1649 1780 1840 1823 quorum
1873 1768 1967 1809 duo

257 1842 417 1884 bacilla
449 1855 542 1885 non
576 1842 769 1896 scalpta,
816 1842 901 1884 sed
934 1842 1117 1884 bernice
1169 1841 1354 1895 argillae
1386 1841 1497 1883 illita
1548 1841 1793 1885 exhibent:
1842 1843 1968 1884 deni-

183 1904 188 1917 ⁵
257 1929 345 1972 que
387 1917 545 1960 decem
580 1915 840 1958 Florentiae
875 1916 983 1967 uidi,
1035 1922 1246 1971 quattuor
1293 1916 1341 1958 in
1372 1928 1531 1958 museo
1564 1916 1600 1958 F
1605 1916 1737 1959 ainae
1789 1918 1965 1959 comitis

257 1991 507 2042 Oruietani,
559 2005 749 2047 quorum
801 1993 894 2033 duo
948 2006 1043 2033 non
1091 1993 1293 2044 singulas
1318 2029 1321 2030 ⁷
1343 1993 1640 2046 palmularum
1672 2006 1822 2043 zonas,
1879 1995 1965 2034 sed

242 2074 405 2126 *ternas
451 2067 622 2109 bacillis
665 2067 878 2108 breuibus
920 2067 1091 2109 diuisas
1141 2068 1376 2123 praebent,
1432 2068 1723 2110 semicirculis
1774 2069 1962 2111 omissis,

255 2126 323 2183 His
346 2144 499 2183 autem
521 2141 722 2196 exceptis
745 2141 883 2183 ceteri
906 2153 1064 2182 omnes
1087 2142 1251 2182 eadem
1268 2154 1450 2195 prorsus
1470 2141 1648 2184 ratione
1671 2142 1817 2183 ornati
1841 2149 1959 2197 sunt·

403 2216 456 2260 ΙΙ.
502 2215 644 2258 altera
691 2214 834 2258 forma
880 2216 989 2258 satis
1037 2215 1185 2258 multis
1235 2214 1492 2271 exemplisss
1540 2216 1759 2258 illustrata
1803 2222 1963 2272 patera

254 2304 394 2346 parua
425 2297 497 2333 est
530 2290 702 2332 formae
727 2290 916 2332 Rhodiis
949 2291 1032 2332 illis
1066 2303 1247 2345 prorsus
1272 2291 1441 2333 similis.
1476 2291 1664 2332 interior
1686 2304 1790 2346 pars
1813 2306 1963 2347 punc·

254 2373 401 2408 torum
424 2366 536 2408 rosis
561 2364 673 2408 albis
696 2366 845 2408 ornari
873 2365 1001 2419 solet,
1040 2366 1238 2408 exterior
1260 2366 1464 2421 palmulis
1483 2364 1737 2409 Phoeniciis
1763 2366 1960 2422 scalptis,

255 2441 431 2483 labrum
463 2441 635 2483 bacillis
668 2441 854 2482 rudibus
888 2440 1071 2494 argillae
1103 2440 1289 2482 bernice
1324 2440 1456 2484 illitis.
1654 2427 1657 2429 ⁵

403 2516 597 2570 Accedit
630 2516 758 2572 pyxis
809 2515 1046 2570 singularis
1081 2515 1272 2557 Berolin.
1310 2515 1442 2567 1158,
1492 2515 1663 2559 formae
1698 2515 1960 2559 Corinthiae

254 2591 406 2635 similis
438 2589 549 2648 (132
572 2591 774 2649 Furtw.)‚
803 2591 936 2638 ‚cuius
961 2597 1008 2633 et
1029 2604 1196 2647 corpus
1220 2597 1267 2633 et
1303 2590 1566 2647 operculum
1589 2592 1752 2634 eadem
1786 2591 1960 2632 ratione

255 2667 462 2721 palmulis
499 2667 751 2709 Phoeniciis
801 2673 962 2709 ornata
1011 2673 1144 2709 sunt:
1195 2680 1313 2721 quae
1356 2680 1458 2708 cum
1507 2667 1551 2708 in
1588 2667 1795 2722 sepulcro
1846 2668 1960 2709 anti-

256 2742 470 2798 quissimo
502 2733 792 2786 Polledrarae
843 2755 943 2784 cum
994 2742 1114 2785 uasis
1167 2741 1451 2796 geometricis
1500 2741 1662 2784 Italicis
1711 2742 1961 2785 admodum

401 2926 419 2955 ¹
447 2933 578 2966 centra
604 2928 760 2977 punctis
792 2927 919 2964 rubris
951 2932 990 2963 et
1018 2926 1118 2972 albis
1146 2927 1377 2964 indicantur.

400 2993 419 3021 2
446 2995 494 3034 cf.
522 2999 692 3044 pateram
721 2993 977 3032 Niniuiticam
1004 2993 1159 3041 Layard
1190 2994 1231 3029 11
1258 2991 1309 3031 59
1326 2993 1381 3030 A.

400 3058 417 3085 ³
443 3061 574 3099 Berol.
604 3047 880 3104 1172-21‘174,
924 3071 990 3096 sex
1016 3058 1312 3103 invisor-Ioniae,
1360 3057 1514 3104 singula
1552 3057 1593 3093 in
1619 3057 1764 3094 Fainae
1794 3058 1960 3095 aedibus

248 3128 291 3167 set
314 3124 356 3162 in
382 3137 519 3163 museo
552 3125 868 3173 Virceburgensi,
897 3125 971 3162 tria
998 3124 1290 3162 in‘Florentino
1315 3127 1477 3161 exstant„
