2168 3573
986 168 1214 207 -39-

245 301 388 344 leonis
413 315 540 347 crura
563 301 761 344 humana
782 301 1045 342 denotantis
1070 301 1274 356 lecythus
1295 300 1594 342 Berolinensis
1611 313 1712 342 cum
1736 297 1954 354 amphora

194 411 209 414 Δ
245 376 506 420 Florentina
536 375 817 428 conectitur:
852 389 1002 432 neque
1037 376 1172 432 igitur
1207 375 1321 417 inter
1353 389 1402 417 se
1435 388 1588 430 neque
1629 388 1656 415 a
1698 374 1820 417 uasis
1855 375 1947 429 pal-

245 451 375 494 mulis
407 451 663 494 Phoeniciis
714 457 761 493 et
793 451 1081 494 semicirculis
1127 451 1354 494 decoratis
1400 451 1475 492 illa
1522 451 1808 493 secernenda
1850 464 1953 492 esse

247 539 426 577 censeo.
1283 534 1287 538 ’
1713 535 1717 538 ’

393 603 468 645 Ad
503 602 720 657 originem
755 615 865 664 uero
900 602 1039 644 totius
1092 602 1248 644 classis
1279 602 1648 656 inuestigandam
1682 614 1709 642 a
1742 600 1951 657 palmulis

245 675 516 731 Phoeniciis,-
564 676 785 733 peculiari
836 677 933 720 eius
969 683 1251 727 ornamento,
1307 677 1651 734 procedendum
1690 683 1775 727 est,
1825 677 1952 732 quod

253 751 350 792 iure
399 758 448 793 ut
497 752 677 794 uidetur
711 750 1026 802 Phoenicibus,
1079 752 1239 806 quibus
1292 759 1360 794 tot
1407 766 1549 808 opera
1599 759 1771 794 temere
1820 752 1953 793 tribui

245 826 406 880 solent,
454 825 736 883 uindicatur:
790 826 1099 881 antiquissima
1133 840 1243 869 sane
1276 827 1468 883 uestigia
1516 827 1612 870 eius
1662 828 1708 869 in
1742 827 1952 883 Aegypto

245 907 502 950 occurrunt,
538 907 586 943 ut
620 901 665 942 in
699 901 869 943 armilla
905 914 1042 943 aurea
1066 901 1289 943 Thebana
1313 898 1478 955 (Prisse
1513 900 1649 948 d’Av.
1683 903 1728 946 II
1761 904 1833 953 91,
1872 899 1949 956 14)

250 976 323 1018 uel
359 988 462 1018 arca
497 975 645 1031 lignea
671 976 793 1032 picta
826 975 964 1031 (Ohn.
988 976 1170 1019 Richter
1189 977 1370 1033 Kypros
1395 979 1484 1021 tab.
1512 977 1604 1031 89),
1639 992 1757 1033 quae
1782 977 1950 1021 XVIII.

245 1052 318 1092 uel
351 1051 478 1095 XIX.
523 1051 742 1107 dynastiis
775 1051 1015 1094 tribuenda
1060 1058 1189 1094 sunt:
1245 1066 1347 1094 cum
1389 1066 1498 1094 uero
1546 1054 1822 1109 temporibus
1872 1053 1951 1095 illis

245 1124 503 1180 Aegyptios
538 1139 565 1167 a
596 1125 714 1181 Syris
765 1126 896 1181 plura
929 1126 1141 1169 didicisse
1192 1134 1370 1170 constet
1384 1124 1415 1182 ¹,
1466 1141 1658 1183 cumque
1699 1128 1743 1169 in
1793 1141 1952 1169 monu-

245 1199 409 1242 mentis
441 1199 522 1243 illis
566 1200 771 1242 nondum
808 1206 934 1243 certa
967 1206 1102 1257 atque
1150 1201 1339 1243 definita
1374 1202 1626 1243 ornamenti
1662 1202 1816 1253 forma,
1866 1203 1950 1244 sed

244 1275 377 1316 flores
413 1281 589 1317 tantum
637 1276 876 1332 spiraeque
929 1276 1118 1318 similem
1169 1277 1215 1318 in
1249 1277 1437 1319 modum
1471 1278 1725 1333 composita
1761 1291 1951 1319 cernan-

244 1355 327 1401 tur,
374 1350 482 1392 inde
523 1350 583 1392 ad
634 1351 852 1406 originem
902 1351 1001 1394 eius
1047 1351 1357 1407 indagandam
1408 1352 1513 1394 nihil
1561 1353 1670 1395 certi
1718 1353 1947 1396 lucramur.

244 1425 427 1481 propria
460 1438 569 1467 uero
603 1426 829 1481 palmulae
854 1426 1132 1469 Phoeniciae
1167 1427 1309 1469 forma
1341 1434 1500 1483 patera
1534 1428 1768 1470 exhibetur
1802 1442 1948 1470 aenea

246 1496 386 1557 (saec.
420 1498 519 1557 IX.)
562 1501 805 1546 Phoenicia
837 1501 928 1556 (uel
961 1499 1105 1558 Syria)
1143 1501 1308 1544 Niniue
1354 1510 1483 1545 eruta
1531 1501 1733 1559 (Layard
1766 1504 1809 1546 II
1845 1501 1946 1557 62):

247 1577 317 1618 cui
351 1576 656 1631 subiungendi
703 1583 808 1619 sunt
841 1577 960 1633 cippi
993 1577 1282 1634 sepulcrales,
1335 1578 1410 1633 qui
1444 1578 1552 1632 quin
1588 1577 1814 1620 Phoenicii
1857 1578 1945 1620 sint

249 1651 446 1695 dubitari
478 1652 636 1708 nequit
669 1649 805 1708 (Mus.
841 1651 1006 1708 Napol.
1046 1650 1134 1707 18),
1168 1659 1403 1708 praeterea
1435 1658 1730 1695 monumenta
1764 1653 1808 1694 in
1842 1652 1943 1695 Sar-

244 1726 399 1769 dinia²
449 1732 586 1782 atque
635 1727 848 1782 imprimis
902 1728 948 1769 in
990 1724 1177 1782 Cypro3
1223 1734 1415 1783 reperta.
1461 1728 1661 1783 singulae
1711 1727 1937 1782 palmulae

250 1803 322 1844 uel
356 1815 501 1845 zonae
540 1816 697 1845 earum
729 1803 774 1844 in
812 1791 904 1845 uno
939 1804 1065 1859 quod
1095 1803 1236 1845 sciam
1286 1816 1424 1858 opere
1457 1803 1633 1845 caelato
1667 1803 1712 1844 in
1747 1803 1943 1845 Graecia

245 1883 426 1931 reperto
461 1877 648 1931 (lamina
680 1884 897 1932 argentea
928 1877 1164 1934 Olympiae
1198 1878 1363 1920 effossa
1400 1877 1471 1921 Ol.
1505 1877 1573 1920 IV
1607 1878 1698 1922 tab.
1724 1878 1798 1930 37,
1833 1874 1944 1934 693)

242 1957 499 2003 occurrunt,
549 1950 937 2007 frequentissimae
969 1953 1014 1994 in
1061 1952 1277 2006 exemplis
1327 1951 1649 2006 antiquissimis
1687 1952 1733 1992 in
1766 1951 1944 1993 Etruria

246 2025 399 2083 erutis,
434 2038 550 2081 quae
587 2027 791 2081 quamuis
818 2025 1121 2069 Phoenicibus
1155 2026 1458 2069 abiudicanda
1491 2026 1593 2076 sint,
1630 2031 1784 2067 tamen
1815 2026 1944 2081 plura

393 2172 408 2200 ¹
436 2179 551 2223 atque
592 2174 789 2223 exemplar
829 2186 986 2223 quoque
1015 2175 1182 2224 Syrium,
1223 2175 1349 2223 qualia
1385 2175 1588 2223 Aegyptiis
1630 2180 1780 2223 praesto
1824 2174 1943 2212 fuisse

241 2241 355 2278 nobis
396 2241 598 2287 fingamus,
635 2239 838 2277 exhibetur
879 2240 1025 2277 lamina
1065 2252 1184 2277 aenea
1227 2240 1403 2277 Parisina
1440 2240 1562 2289 (Mus.
1603 2240 1751 2287 Napol.
1789 2238 1854 2287 21,
1883 2238 1939 2287 4),

241 2318 356 2355 quam
399 2317 498 2343 saec.
526 2303 624 2342 XII.
652 2306 991 2352 Furtwaenglerus
1019 2304 1239 2355 (Roschers
1267 2307 1360 2343 Lex.
1391 2304 1407 2341 I
1440 2305 1558 2354 1750)
1597 2305 1754 2342 tribuit:
1797 2306 1839 2342 in
1867 2318 1943 2353 qua

241 2372 437 2420 palmulae
466 2371 706 2409 Phoeniciae
736 2378 778 2408 ut
803 2372 856 2408 ita
884 2372 1011 2408 dicam
1039 2371 1254 2420 primordia
1283 2377 1482 2420 apparent.

390 2433 408 2462 ²
437 2441 479 2473 ut
507 2437 641 2475 anulus
666 2449 806 2474 aureus
833 2437 936 2475 Bull.
961 2437 1061 2474 arch.
1090 2436 1214 2473 Sardo
1241 2436 1356 2486 1858,
1387 2435 1447 2484 74,
1491 2436 1639 2473 armilla
1667 2436 1805 2472 Tharri
1834 2442 1944 2473 eruta

241 2504 398 2551 (Perrot
427 2502 484 2541 111
512 2503 621 2554 835),
650 2504 882 2540 scarabaeus
912 2503 1028 2552 (ibid.
1057 2502 1165 2553 237).

390 2566 408 2594 ³
435 2574 473 2606 et
502 2570 676 2616 singulae
702 2569 898 2619 palmulae
926 2575 1140 2617 occurrunt,
1170 2574 1212 2605 ut
1237 2569 1502 2606 columnarum
1523 2569 1701 2618 capitula,
1732 2569 1773 2604 in
1793 2569 1942 2617 quibus

219 2636 420 2690 ¹palmulis
451 2630 538 2673 ‘loti
580 2636 697 2673 flores
738 2636 830 2673 addi
869 2636 1000 2673 solent
1040 2634 1159 2684 (Mus.
1189 2636 1331 2684 Napol.
1356 2635 1421 2685 33,
1450 2636 1551 2674 Ohn.
1580 2635 1748 2672 Richter
1776 2636 1940 2684 Kypros

241 2702 319 2740 tab.
348 2701 412 2751 58,
441 2701 518 2748 59),
556 2708 782 2738 ornamenta
810 2713 929 2740 aurea
971 2700 1125 2751 (Perrot
1151 2700 1209 2738 111
1238 2701 1333 2749 835)
1363 2707 1401 2737 et
1428 2706 1608 2748 argentea
1636 2699 1756 2748 (Ohn.
1777 2701 1943 2736 Richter

242 2769 403 2816 Kypros
436 2767 514 2804 tab.
547 2766 634 2808 113,
664 2766 720 2815 7),
763 2771 801 2802 et
828 2767 957 2814 plures
995 2767 1186 2814 palmulae
1214 2767 1334 2803 altera
1371 2767 1481 2802 alteri
1520 2766 1669 2802 arboris
1695 2766 1736 2801 in
1765 2765 1938 2813 speciem

240 2833 460 2883 impositae,
504 2831 639 2882 quales
669 2844 856 2881 persaepe
900 2843 986 2868 cum
1016 2833 1057 2868 in
1086 2832 1303 2881 anaglyptis
1330 2831 1391 2882 (ut
1418 2833 1457 2867 in
1487 2831 1721 2879 sarcophago
1751 2830 1939 2866 Amathu-

242 2900 348 2936 siaco
377 2901 516 2937 Perrot
535 2898 595 2938 ΙΙΙ
614 2897 750 2950 60819,
778 2900 818 2936 in
850 2904 997 2937 statuae
1025 2900 1237 2946 fragmento
1259 2899 1360 2937 Ohn.
1383 2898 1551 2936 Richter
1579 2898 1658 2934 tab.
1679 2896 1744 2942 91,
1763 2897 1804 2934 in
1824 2897 1941 2947 cippo

244 2965 451 3015 sepulcrali
479 2967 619 3002 Perrot
637 2964 698 3003 111
729 2965 801 3004 131
832 2966 881 3004 cf.
912 2965 1001 3014 133,
1029 2965 1097 3015 al.)
1127 2971 1242 3013 atque
1271 2966 1432 3012 gemmis
1454 2964 1769 3012 (Cesnola·Stern
1789 2964 1944 3011 Cypern

240 3033 321 3071 tab.
351 3031 413 3077 79,
446 3030 507 3082 la)
544 3035 740 3081 apparent,
782 3035 861 3068 tum
889 3031 1099 3068 sollemnes
1128 3031 1269 3080 pateris
1298 3031 1378 3067 illis
1408 3035 1497 3066 sunt
1525 3030 1718 3077 argenteis
1748 3030 1810 3079 (ut
1836 3030 1943 3067 Mus.

240 3097 386 3147 Napol.
420 3097 483 3143 10)
514 3097 632 3145 uulgo
661 3097 924 3133 Phoenicibus
962 3097 1118 3152 tributis
1153 3101 1267 3145 atque
1305 3097 1468 3133 fortasse
1503 3097 1544 3132 in
1573 3096 1701 3144 Cypro
1742 3096 1804 3133 uel
1834 3096 1945 3133 Creta

242 3163 353 3203 factis
373 3161 439 3217 (cf.
468 3163 665 3212 cingulum
698 3168 923 3212 argenteum
955 3163 1083 3203 AIhb.
1111 3162 1151 3202 II
1179 3164 1257 3203 tab.
1278 3162 1332 3213 8).
