2168 3573
982 201 1216 240 -3-

386 336 439 378 In
461 335 591 377 Italia
619 335 779 378 rudem
802 333 925 376 illam
948 339 1088 388 atque
1110 338 1419 389 peruetustam
1443 338 1599 387 artem,
1636 346 1754 387 quae
1779 339 1950 384 „terra-

239 412 392 451 mare“
440 411 618 466 dicitur,
668 423 786 452 saec.
823 408 877 452 X.
924 408 998 449 uel
1052 408 1129 451 ΙΧ.
1179 421 1302 450 noua
1352 408 1545 463 excepit,
1599 420 1718 462 quae
1752 421 1778 449 a
1815 407 1950 450 Villa-

244 500 367 529 noua
401 487 504 528 uico
538 500 705 528 nomen
749 485 905 528 traxit:
955 497 1091 539 quam
1140 483 1348 525 Graecae
1398 498 1499 526 esse
1544 485 1740 540 originis,
1791 486 1889 527 siue
1922 499 1949 526 a

239 562 563 605 mercatoribus
588 560 775 603 Graecis
810 560 883 602 uel
903 559 1206 601 Phoenicibus
1230 559 1475 615 importata
1510 566 1596 617 est,
1630 559 1727 602 siue
1760 574 1787 602 a
1808 567 1948 616 gente

241 638 419 681 Graeca
450 650 505 679 ex
542 636 739 692 antiquis
771 635 957 679 sedibus
991 635 1123 691 pulsa
1158 640 1296 690 atque
1327 635 1369 676 in
1405 635 1534 678 Italia
1568 648 1714 677 nouas
1748 641 1947 691 petente,

239 714 356 755 inter
389 726 549 755 omnes
584 719 779 754 constat.
815 718 952 766 atque
984 726 1097 756 uasa
1134 713 1316 766 quidem
1353 713 1505 754 fictilia
1551 709 1641 767 qua
1674 712 1852 753 ratione
1887 712 1948 752 ad

241 789 514 843 exemplaria
547 802 574 829 e
596 788 770 830 laminis
791 787 944 830 aeneis
971 788 1243 831 tenuissimis
1272 788 1503 842 clauisque
1529 787 1782 828 coniunctis
1811 786 1944 835 facta,

241 877 267 904 a
300 863 485 904 rudibus
519 868 657 918 atque
692 863 871 904 incultis
923 862 1076 904 formis
1128 864 1189 905 ad
1237 863 1518 904 uenustiores
1571 867 1810 915 certasque
1845 874 1946 916 pro-

241 937 471 988 cesserint,
526 944 617 978 tam
651 937 768 978 bene
806 936 1084 979 Barnabeius
1120 937 1233 978 libro
1279 937 1339 978 de
1375 936 1588 990 sepulcris
1621 935 1766 977 Narce
1810 936 1947 978 erutis

241 1013 407 1067 scripto
428 1010 574 1065 (Mon.
594 1018 685 1055 ant.
704 1011 768 1054 IV
792 1010 896 1065 182)
920 1013 1145 1067 exposuit,
1180 1018 1231 1053 ut
1264 1011 1539 1065 argumentis
1574 1011 1631 1052 ab
1666 1024 1723 1052 eo
1758 1011 1945 1065 prolatis

240 1087 315 1127 uix
349 1087 590 1141 quicquam
623 1086 891 1128 addendum
926 1087 992 1129 sit.
1032 1100 1180 1141 neque
1217 1092 1369 1127 tamen
1406 1086 1515 1126 satis
1551 1085 1744 1135 monuit,
1777 1091 1945 1140 quanta

241 1161 449 1216 affinitas,
499 1161 712 1216 imprimis
747 1161 1001 1214 formarum,
1050 1162 1166 1203 inter
1196 1174 1330 1202 uasa
1365 1160 1521 1202 Italica
1554 1167 1602 1201 et
1636 1160 1947 1215 antiquissima

241 1236 317 1278 illa
349 1236 482 1278 maris
518 1236 692 1290 Aegaei
726 1236 1001 1279 intercedat:
1055 1237 1181 1291 quod
1215 1236 1251 1277 si
1303 1236 1403 1291 quis
1440 1248 1552 1276 uasa
1587 1235 1783 1289 ingentis
1818 1242 1948 1276 uetu-

240 1312 383 1367 statis,
437 1324 629 1364 quorum
663 1325 830 1365 magna
865 1311 998 1365 copia
1050 1311 1094 1351 in
1127 1311 1278 1352 Sicilia
1318 1323 1464 1364 nuper
1515 1319 1693 1364 reperta
1728 1316 1799 1351 est
1821 1307 1851 1365 ¹,
1902 1311 1945 1351 in

240 1385 625 1441 comparationem
664 1384 913 1434 uocauerit‚
949 1384 1077 1427 facile
1107 1384 1190 1426 sibi
1225 1384 1537 1440 persuadebit,
1568 1385 1803 1438 utriusque
1842 1385 1947 1425 artis

241 1461 564 1516 discrepantias
615 1475 708 1503 non
752 1467 901 1503 tantas
950 1474 1069 1517 esse,
1125 1467 1173 1503 ut
1220 1461 1424 1503 eiusdem
1481 1461 1586 1503 artis
1635 1461 1946 1515 antiquissima

241 1537 447 1592 exempla
479 1549 580 1578 esse
618 1535 819 1577 Troiana
867 1537 936 1577 uel
972 1535 1146 1592 Cypria,
1197 1536 1349 1577 media
1379 1536 1542 1592 Sicula,
1585 1536 1743 1577 Italica
1791 1549 1945 1578 recen-

240 1611 355 1653 tiora
390 1617 589 1653 statuere
623 1617 845 1652 uetemur:
881 1611 988 1651 artis
1013 1610 1184 1653 scilicet
1216 1624 1309 1652 non
1344 1624 1435 1652 uno
1465 1611 1579 1661 loco,
1614 1611 1698 1653 sed
1733 1611 1941 1653 omnibus

240 1686 374 1729 maris
410 1686 545 1727 medii
580 1685 668 1727 oris
703 1685 918 1728 florentis,
954 1699 1092 1727 unum
1124 1698 1376 1741 proponam
1412 1686 1685 1741 exemplum,
1731 1687 1944 1740 poculum

242 1760 505 1815 Troianum,
541 1761 663 1815 quod
697 1757 847 1814 δέπας
880 1760 1045 1802 dicitur
1077 1758 1136 1812 (e.
1171 1773 1214 1814 g.
1247 1760 1350 1801 Ilios
1385 1755 1496 1816 598)
1532 1761 1593 1801 ad
1627 1773 1792 1803 cornus
1827 1761 1945 1802 simi-

239 1835 474 1877 litudinem
520 1835 866 1884 conformatum,
922 1836 1091 1876 additis
1127 1836 1248 1876 ansis
1307 1836 1484 1876 duabus
1536 1832 1676 1891 (quae
1727 1837 1943 1891 exemplis

243 1909 474 1951 Thebanis
513 1908 650 1950 Petrii
683 1905 898 1964 desunt):
935 1909 1006 1951 cui
1039 1916 1087 1950 et
1119 1909 1336 1951 simillima
1369 1909 1413 1950 in
1447 1908 1594 1968 Sicilia
1626 1910 1806 1952 detecta
1840 1917 1944 1952 sunt

240 1982 364 2034 (Not.
400 1984 446 2028 d.
478 1982 548 2026 Sc.
588 1983 721 2038 1891,
757 1978 883 2039 349),
918 1989 962 2024 et
994 1983 1294 2039 prouectiora,
1345 1984 1558 2025 deorsum
1591 1984 1790 2040 planata,
1825 1985 1941 2026 collo

241 2072 267 2099 a
302 2070 493 2111 corpore
527 2057 742 2106 distincto
794 2055 1020 2110 (Andrian
1052 2058 1080 2099 l.
1115 2071 1152 2099 c.
1203 2059 1295 2101 tab.
1332 2057 1409 2109 IV,
1448 2057 1540 2110 10),
1589 2059 1740 2111 qualia
1774 2058 1942 2099 Troiae

240 2145 424 2188 quoque
453 2131 739 2174 inueniuntur
772 2127 896 2188 (Ilios
929 2128 1062 2186 600):
1113 2138 1252 2187 atque
1286 2132 1343 2174 ab
1378 2131 1463 2174 hac
1498 2131 1641 2174 forma
1692 2132 1821 2175 facile
1855 2138 1941 2174 tra-

239 2207 446 2249 ducimur
480 2208 540 2248 acl
573 2206 788 2257 Italicam,
838 2206 965 2247 initio
1012 2221 1198 2262 paruam
1248 2213 1385 2261 atque
1423 2207 1691 2257 deformem,
1741 2222 1848 2250 mox
1881 2210 1943 2250 ad

243 2281 510 2325 cantharum
542 2280 647 2322 huic
680 2280 764 2324 arti
796 2281 1064 2336 peculiarem
1097 2295 1398 2338 progressam,
1429 2283 1555 2324 cuius
1583 2294 1729 2325 ‘ansae
1778 2283 1942 2339 plexae

238 2370 380 2414 saepe
412 2356 609 2399 arietum·
632 2355 849 2411 capitibus
883 2362 1113 2399 ornantur.

388 2432 521 2475 Talia
567 2432 700 2487 igitur
733 2445 861 2481 uasa,
910 2423 965 2472 ei<
1011 2437 1128 2474 terra
1177 2432 1317 2474 mixta
1366 2433 1653 2486 nigrescente
1690 2434 1942 2475 admodum

240 2508 343 2549 rudi
373 2513 510 2563 atque
543 2507 669 2563 graui
703 2506 928 2557 manibus,
964 2520 1056 2549 non
1090 2513 1189 2548 rota
1225 2507 1331 2550 ficta
1365 2513 1411 2548 et
1449 2507 1724 2550 ornamentis
1758 2521 1941 2563 geome-

240 2582 363 2624 tricis
398 2583 629 2632 decorata,
663 2582 872 2623 omnibus
905 2582 1111 2623 Etruriae
1145 2583 1253 2624 locis
1290 2583 1411 2624 facta
1445 2589 1563 2636 sunt,
1598 2584 1754 2637 quoad
1787 2585 1942 2625 medio

241 2657 419 2699 circiter
466 2671 584 2701 saec.
621 2657 721 2702 V11.
767 2671 937 2700 nouum
971 2671 998 2700 a
1033 2656 1220 2699 Graecis
1257 2658 1477 2713 impetum
1527 2672 1597 2701 ars
1631 2659 1820 2714 accepit.
1854 2659 1944 2701 hoc

246 2732 364 2774 enim
400 2738 604 2788 tempore
654 2739 701 2774 et
749 2746 890 2788 opera
925 2745 1070 2775 aenea
1104 2732 1283 2775 Graeca
1331 2740 1377 2775 et
1426 2747 1537 2776 uasa
1586 2734 1943 2789 protocorinthia

239 2809 433 2865 plurima
460 2808 507 2850 in
538 2808 763 2851 Etruriam
797 2808 974 2851 deferre
1008 2816 1285 2852 mercatores
1324 2818 1596 2866 coeperunt:
1632 2823 1780 2865 neque
1815 2810 1939 2866 picta

389 2980 404 3008 ¹
432 2995 551 3032 pauca
578 2983 674 3020 olim
703 2983 881 3032 exempla
924 2984 1081 3031 cognita
1110 2989 1231 3029 erant,
1274 2984 1323 3020 ab
1352 2983 1552 3020 Andriano
1594 2985 1799 3030 (Praehist.
1831 2985 1942 3024 Stud.

238 3049 279 3085 in
307 3049 384 3087 Sic.
415 3049 600 3087 Zeitschr.
631 3049 655 3087 f.
685 3049 805 3087 Ethn.
837 3049 939 3088 1878
973 3050 1112 3098 Suppl.
1134 3049 1186 3088 35
1212 3049 1316 3098 sqq.)
1346 3050 1533 3086 conlecta:
1571 3050 1618 3087 cf.
1647 3051 1795 3087 Annali
1828 3051 1942 3100 1877,

238 3113 304 3153 572
337 3114 450 3164 1880,
479 3114 544 3153 21.
572 3115 683 3163 plura
711 3128 833 3164 nuper
861 3127 946 3152 cum
980 3116 1021 3152 in
1050 3128 1144 3162 agro
1174 3116 1368 3153 Leontino
1404 3115 1513 3166 (Not.
1543 3116 1581 3154 d.
1611 3116 1673 3154 Sc.
1706 3116 1822 3160 1887,
1851 3116 1943 3156 301.

241 3179 356 3229 1891,
385 3178 492 3229 349).
523 3187 604 3216 tum
634 3181 672 3216 in
699 3181 940 3229 Syracusano
970 3181 1098 3231 (Mon.
1129 3187 1204 3219 ant,
1226 3183 1265 3217 ΙΙ
1294 3182 1373 3219 tab.
1404 3183 1436 3223 I)
1466 3182 1609 3217 effossa
1639 3189 1758 3220 sunt!
1847 3188 1855 3197 ·
