2168 3573
1552 164 1558 167 .
1984 137 1995 150 Ἰ.
2022 142 2050 157 ,γ’

1929 191 1932 194 -
1972 207 1974 209 .
2001 199 2017 202 ,V
2041 194 2079 206 -·⁴·.
2096 182 2147 213 ‘7¹¹2
2164 196 2168 204 ,

1078 221 1083 224 r
2057 221 2062 224 ,
2085 212 2168 234 :mu-5⁴

946 253 994 260 -—
1030 232 1084 271 22
1119 253 1167 260 —
1821 183 1901 282 N
1987 238 1990 239 ⁷
2018 233 2042 259 ἶ,
2088 232 2168 269 5⁶:¹3„

1691 276 1694 279 -
1901 286 1906 291 ῃ
1986 291 1990 295 .
2015 266 2080 294 ''U’'
2108 268 2131 276 *τ’
2158 271 2168 279 n

207 370 380 411 ratione
414 374 598 410 ornatas
653 374 697 410 et
729 380 863 408 urnas
906 365 1247 422 antiquissimas
1281 367 1462 410 Italicas
1512 366 1696 424 tuguriis
1722 350 1914 408 similes}

206 443 331 498 (Not.
371 444 414 486 d.
438 444 506 486 Se.
546 444 678 492 1882,
716 438 827 496 290)
862 441 1148 493 offendimus,
1187 449 1233 485 et
1266 443 1542 486 urnas'artis
1582 442 1913 486 Villanouanae

206 516 329 573 (Not.
378 519 421 562 d.
459 517 526 560 Sc.
577 517 708 567 1882,
762 517 851 560 307
900 516 992 559 tab.
1030 514 1074 563 3)
1121 518 1387 573 similesque
1429 509 1573 574 primo
1625 517 1700 573 qui
1751 515 1915 559 dicitur

206 594 310 636 artis
345 593 740 648 Euganeaeaeuo
777 592 1043 635 tribuendas
1095 592 1220 649 (Not.
1256 594 1405 638 d.>Sc.
1446 595 1562 637 1882
1596 592 1689 636 tab.
1728 594 1768 642 5,
1811 586 1914 649 10):

206 681 320 723 quae
355 680 512 709 omnes
546 673 814 710 ornamenta
847 667 893 709 in
916 668 1099 724 reliquis
1133 669 1337 710 eiusdem
1371 669 1478 711 artis
1514 658 1914 724 'exemplis'incisa

205 742 354 784 colore
387 742 489 782 albo
522 741 644 796 picta
679 741 917 796 praebent.
953 750 1144 798 apparet
1167 742 1280 785 haec
1314 743 1520 798 exempla
1554 756 1647 785 non
1685 742 1913 784 communi

206 834 231 858 e
257 816 637 867 sonte'deriuata‚
674 818 755 859 sed
790 817 993 872 pluribus
1029 818 1157 860 simul
1192 818 1299 860 locis
1332 818 1566 860 rationem
1598 817 1912 879 illamssinuen-

203 897 295 932 tam
328 903 444 933 esse.
503 896 642 946 atque
686 891 810 933 idem
861 892 922 934 de
975 893 1096 934 uasis
1130 892 1355 934 nonnullis
1382 905 1407 933 e
1449 899 1566 934 terra
1616 893 1742 949 nigra
1774 892 1917 935 mixta
1979 932 1983 934 .
2045 941 2048 943 ,

203 965 333 1007 factis
387 966 518 1020 ualet,
573 980 692 1022 quae
743 967 1023 1010 ornamentis
1071 967 1359 1021 geometricis
1411 967 1565 1009 colore
1624 967 1730 1009 albo
1763 962 1914 1024 pictis

203 1041 423 1082 decorata
457 1046 593 1096 sunt;
644 1041 798 1098 qualia
833 1042 1019 1098 cyathus
1055 1042 1201 1087 Berol.
1241 1043 1358 1087 1385
1408 1043 1480 1084 uel
1514 1041 1762 1098 amphorae
1796 1043 1918 1085 duae

201 1123 308 1158 sunt
343 1117 378 1158 F
383 1116 545 1159 aliscae
581 1114 702 1172 (Not.
739 1118 784 1161 d.
817 1117 888 1162 Sc.
916 1118 1050 1170 1887,
1085 1114 1212 1174 266),
1248 1118 1524 1160 ornamentis
1557 1117 1725 1173 partim*
1753 1118 1916 1169 incisis,

201 1192 363 1247 partim
411 1193 561 1234 colore
609 1192 714 1235 albo
748 1193 881 1248 pictis
926 1193 1187 1249 insignitae.
1237 1193 1345 1248 quin
1389 1188 1525 1235 e'tiam
1558 1207 1618 1235 ne
1674 1192 1917 1236 cantharos

203 1267 390 1321 quidem
414 1267 512 1309 illos
538 1269 597 1308 de
622 1269 786 1322 quibus
810 1282 947 1324 supra
970 1267 1032 1324 (p.
1054 1266 1102 1322 5)
1117 1270 1313 1324 egimus,
1349 1275 1498 1311 certae
1530 1282 1773 1324 nonaeque
1808 1269 1916 1311 artis

201 1342 381 1392 rationi,
437 1344 520 1384 sed
555 1342 679 1397 figuli
731 1344 967 1385 cuiusdam
1003 1344 1175 1385 libidini
1208 1344 1503 1387 attribuerim.
1553 1357 1672 1388 saec.
1710 1344 1811 1389 V11.
1846 1358 1917 1389 ex.

204 1419 391 1459 demum
443 1431 656 1459 uasorum
706 1418 901 1460 classem
945 1419 1229 1474 offendimus,
1281 1419 1353 1460 cui
1386 1418 1502 1461 haec
1534 1418 1756 1473 pingendi
1804 1419 1917 1462 ratio

203 1491 385 1546 propria
419 1498 557 1546 atque
578 1492 817 1547 peculiaris
854 1493 932 1536 sit:
968 1493 1091 1535 cuius
1125 1506 1229 1535 cum
1263 1493 1433 1549 optima
1456 1493 1663 1548 exempla
1697 1494 1744 1535 in
1767 1494 1919 1549 sepul-

202 1580 278 1610 cro
314 1567 390 1610 illo
433 1567 746 1623 antiquissimo
784 1567 995 1610 Vulcenti
1031 1567 1170 1621 (saec.
1209 1568 1310 1612 VII.
1347 1568 1454 1622 ex.)‚
1505 1568 1577 1611 cui
1612 1581 1701 1610 oua
1735 1581 1918 1624 quoque

208 1642 630 1684 struthiocamelina
681 1643 916 1696 debemus,
974 1649 1156 1699 reperta
1208 1639 1339 1692 siml,
1395 1649 1493 1685 tota
1543 1643 1681 1685 series
1734 1643 1791 1685 ab
1843 1644 1918 1686 illo

205 1718 495 1761 Polledrarae
530 1731 699 1760 nomen
734 1719 941 1774 accepit:
979 1732 1255 1774 quamquam
1291 1718 1529 1761 Etruscam
1566 1733 1666 1762 eam
1699 1734 1794 1762 non
1819 1733 1918 1762 esse

209 1793 427 1848 equidem
473 1807 739 1850 persuasum
790 1794 956 1837 habeo.
1007 1808 1117 1837 uasa
1164 1795 1236 1836 uel
1288 1808 1345 1836 ex
1394 1800 1511 1837 terra
1559 1794 1688 1850 nigra
1721 1794 1921 1850 expolita

204 1870 276 1911 uel
311 1883 368 1911 ex
417 1876 535 1912 terra
580 1869 707 1912 fusca
742 1869 1013 1912 indumento
1059 1870 1188 1924 nigro
1223 1870 1409 1912 inducta
1443 1869 1547 1912 ficta
1596 1877 1715 1920 sunt,
1768 1883 1920 1926 neque

202 1944 315 1986 haec
365 1945 423 1986 ab
476 1935 558 1986 illis
609 1958 847 1987 secernere
899 1945 1033 1988 licet:
1084 1946 1210 1999 quod
1254 1958 1356 1986 cum
1393 1952 1546 1987 tamen
1579 1945 1809 1997 Smithius‚
1844 1945 1921 2000 qui

205 2019 385 2061 ultimus
433 2020 492 2060 de
546 2019 612 2062 his
658 2020 777 2063 uasis
823 2020 917 2075 egit
958 2016 1082 2078 (IHS
1117 2019 1226 2062 X1V
1264 2017 1375 2076 207)
1422 2019 1594 2075 fecerit,
1631 2009 1920 2076 diligentissi-

205 2108 308 2137 mae
343 2095 673 2138 dissertationis
707 2096 900 2138 fructum
934 2097 1147 2152 perdidit.
1184 2109 1268 2138 nos
1303 2096 1431 2151 igitur
1454 2109 1755 2152 quaecunque
1788 2095 1918 2138 noui·

203 2183 303 2213 mus
339 2171 548 2226 exempla
583 2171 832 2214 coniuncta
865 2172 956 2215 iam
989 2163 1328 2228 proponamus:

357 2248 396 2289 1.
446 2245 608 2302 hydria
641 2246 687 2288 in
723 2247 934 2302 sepulcro
970 2247 1258 2289 Polledrarae
1292 2252 1492 2301 reperta:
1544 2252 1646 2302 post
1688 2245 1918 2289 Micalium

203 2319 346 2377 (Mon.
372 2321 431 2364 in.
466 2320 510 2377 4)
547 2321 694 2363 edidit
726 2321 942 2364 Smithius
967 2319 1013 2377 (l.
1040 2336 1078 2366 c.
1100 2322 1193 2365 tab.
1219 2319 1370 2376 6—7).
1410 2321 1553 2370 forma
1584 2321 1804 2364 uetustior
1835 2326 1918 2370 est,

209 2398 271 2440 ad
301 2397 532 2453 exemplar
564 2411 590 2438 e
626 2396 800 2439 laminis
835 2397 988 2440 aeneis
1023 2397 1212 2439 ductum
1252 2396 1547 2448 conformata,
1584 2409 1773 2453 corpore
1807 2408 1918 2438 uen-

206 2480 363 2515 truoso
418 2474 475 2515 ab
515 2473 704 2515 humero
756 2485 850 2515 non
902 2473 1131 2516 distincto.
1182 2486 1300 2527 quae
1340 2472 1507 2523 forma,
1556 2486 1692 2528 quam
1739 2470 1919 2528 ealp'ida

205 2548 471 2590 Gerhardus
507 2548 783 2602 argumentis
817 2561 978 2603 parum
1010 2548 1143 2589 certis
1176 2548 1300 2590 nisus
1336 2547 1534 2598 uocauit,
1584 2547 1693 2589 inde
1726 2560 1754 2590 a
1787 2552 1916 2588 sexto

205 2623 390 2666 saeculo
435 2629 635 2665 exeunte
671 2623 863 2666 Athenis
914 2623 1122 2679 occurrit,
1173 2637 1201 2664 a
1252 2622 1397 2676 figulis
1452 2621 1528 2678 qui
1577 2622 1719 2664 rubris
1771 2621 1917 2678 figuris

203 2698 459 2755 pingebant
491 2698 682 2754 primum
717 2695 975 2742 adhibita2:
1027 2698 1143 2740 inter
1190 2697 1373 2753 hydrias
1422 2697 1697 2753 antiquiores
1750 2696 1919 2739 nullam

201 2852 282 2883 tum
309 2852 426 2895 atque
470 2847 618 2883 eisdem
662 2845 899 2883 ornamentis
938 2845 1173 2893 decoratum.
1232 2845 1282 2881 de
1324 2845 1546 2893 fragmentis
1588 2858 1684 2884 uero
1738 2859 1759 2884 a
1786 2847 1921 2884 Petrio

202 2913 313 2960 (IHS
340 2914 406 2949 XI
436 2914 516 2950 tab.
549 2912 611 2956 14,
641 2912 680 2958 8,
711 2912 752 2959 9)
795 2912 911 2948 editis
939 2911 1127 2947 iudicium
1156 2911 1322 2955 retineo,
1364 2913 1548 2959 quoniam
1576 2913 1772 2961 ingentem
1802 2924 1919 2961 quam

199 2978 271 3015 ille
300 2978 429 3015 uoluit
458 2982 626 3014 aetatem
657 2977 714 3013 eis
743 2976 915 3012 tribuere
947 2974 1098 3013 dubito.
1232 2974 1237 2976 ’

355 3042 370 3069 ¹
398 3045 439 3079 in
454 3055 593 3079 museo
602 3042 830 3078 Britannico
847 3042 1053 3078 coniuncta
1067 3053 1168 3078 nunc
1179 3042 1449 3081 adseruantur:
1466 3044 1602 3080 Micali
1617 3045 1728 3081 Mon.
1738 3041 1826 3081 in.4
1837 3042 1918 3081 -8.

351 3108 370 3136 2
398 3122 499 3158 quae
542 3114 692 3146 exstant
733 3108 906 3156 calpides
936 3108 1069 3154 figuris
1112 3109 1234 3155 nigris
1279 3113 1435 3146 ornatae
1465 3109 1747 3158 antiquissimis
1792 3120 1918 3157 nouae

202 3179 297 3215 artis
325 3176 515 3225 exemplis
545 3176 784 3212 uetustiores
821 3187 899 3212 non
928 3180 1029 3224 sunt,
1074 3188 1151 3224 qua
1180 3187 1220 3212 re
1252 3181 1290 3212 et
1318 3176 1404 3225 ipsa
1442 3183 1562 3213 artem
1599 3176 1709 3213 illam
1739 3176 1789 3212 ab
1817 3175 1920 3212 Ioni-

203 3247 277 3282 bus
305 3244 572 3282 Athenienses
604 3243 804 3291 accepisse
834 3243 1039 3280 indicatur.
