2168 3573
950 238 1173 296 -32—
1852 255 1888 298 *x

207 398 296 435 ant.
321 390 385 432 IV
404 389 514 445 275)
550 388 698 430 edidit
718 384 748 428 1.
784 387 900 429 inter
933 387 1144 430 animalia
1176 387 1458 430 memorandi
1491 394 1594 430 sunt
1627 388 1749 431 cerui
1782 396 1919 446 atque

205 467 344 507 ibices
380 465 526 519 flores,
563 464 720 505 leones
754 463 1014 505 animalium
1050 476 1178 505 crura
1216 463 1417 506 faucibus
1456 470 1665 506 tenentes
1685 462 1718 522 2,
1751 452 1917 522 grypes

206 542 377 583 formae
413 539 755 593 antiquissimae
800 538 999 588 Ionicae,
1054 553 1242 594 quorum
1284 538 1432 581 rostra
1475 545 1633 594 aperta
1678 539 1808 581 bullis
1843 553 1935 583 ca-.

204 612 347 665 rent3‚
399 614 517 668 equi,
544 650 546 653 .
575 613 827 668 pantherae
877 613 1013 655 binae
1057 614 1243 668 singulis
1296 614 1519 669 capitibus
1553 614 1790 669 praeditae
1826 612 1915 667 (eX.

205 687 501 732 Florentin.4:
555 702 672 743 quae
716 688 870 730 omnia
917 688 1061 743 plenis
1113 690 1260 743 figuris
1300 689 1422 744 picta
1463 696 1579 744 sunt,
1631 683 1916 732 interioribus
1954 684 1955 687 ¹

202 766 329 808 lineis
383 778 474 806 non
511 763 709 819 scalptis,
761 764 844 805 sed
896 763 1160 819 plerumque
1207 764 1465 807 reseruati&
1524 776 1715 820 corpora
1766 764 1913 822 fasciis

202 843 366 890 cincta,
402 841 512 882 armi
544 840 706 881 sedulo
758 840 945 881 indicati
983 846 1089 881 sunt
1124 838 1198 894 (cf.
1232 854 1274 894 p.
1311 838 1372 894 4).
1432 841 1658 882 accedunt
1693 854 1836 883 naues
1871 842 1917 882 in

205 916 423 972 amphora
459 914 664 957 Parisina
699 910 822 971 (Cat.
860 912 1073 969 Camp..I
1109 911 1189 971 84>
1240 920 1288 956 ut
1340 915 1386 956 in
1418 914 1594 957 Lesbiis
1648 915 1915 961 animalibus

202 993 510 1045 interpositae,
561 992 762 1044 denique
814 991 983 1032 femina
1018 991 1139 1032 alata
1184 992 1406 1044 palmulas
1442 998 1602 1032 tenens
1633 998 1677 1032 et
1709 993 1916 1034 leonibus

207 1067 390 1108 duobus
426 1066 554 1107 alatis
590 1065 862 1106 sedentibus
897 1062 1207 1118 interposita5.

350 1140 536 1181 Ionicae
570 1139 703 1193 igitur
738 1139 940 1192 originis,
977 1151 1112 1192 quam
1147 1138 1412 1180 certioribus
1448 1139 1607 1181 finibus
1638 1140 1916 1182 circumscri-

202 1217 308 1257 bere
344 1229 543 1270 nequeo,
598 1220 736 1269 atque
781 1227 880 1256 cum
917 1213 1089 1256 Lesbiis
1143 1213 1364 1256 affinitate
1412 1215 1611 1270 quadam
1647 1216 1914 1258 coniunctas

203 1290 286 1333 has
323 1290 567 1346 amphoras
603 1303 704 1332 esse
738 1295 948 1345 apparet:
1006 1289 1062 1331 ab
1101 1290 1164 1332 eis
1217 1296 1369 1332 autem
1420 1291 1508 1332 iam
1559 1292 1619 1333 ad
1654 1291 1834 1334 ultimos
1869 1298 1917 1334 ut

205 1368 269 1409 ita
302 1367 456 1409 dicam
492 1372 684 1408 catenae
719 1366 877 1408 anulos
914 1365 1195 1410 deducimur.

402 1501 460 1549 V.
509 1499 581 1547 De
618 1499 764 1547 uasis
801 1498 1193 1558 antiquissimis
1217 1499 1431 1548 bernice
1456 1499 1703 1549 inductis.

356 1593 451 1635 Iam
475 1592 731 1647 Mycenaea
775 1605 888 1633 uasa
921 1591 1089 1646 primae
1125 1606 1244 1648 quae
1269 1593 1433 1635 dicitur
1465 1593 1647 1636 bernice
1697 1591 1916 1650 pingendi

205 1665 424 1711 rationis6
458 1668 643 1708 bernice
676 1667 864 1707 inducta
899 1673 1037 1721 atque
1073 1668 1350 1713 ornamentis
1376 1668 1518 1709 rubris
1552 1674 1603 1709 et
1631 1669 1753 1710 albis'
1775 1670 1915 1711 deco-

206 1752 302 1788 rata
338 1751 463 1787 sunt:
516 1756 634 1798 quae
677 1755 787 1784 uasa
833 1741 877 1783 in
914 1741 1129 1797 sepulcris
1164 1741 1428 1798 Mycenaeis
1480 1750 1640 1799 quarto
1676 1749 1721 1786 et
1755 1743 1914 1800 quinto

207 1821 384 1870 effossa,
421 1820 482 1860 ad
519 1818 795 1873 exemplaria
831 1817 980 1872 operis
1028 1818 1153 1871 quod
1202 1817 1462 1859 intestinum
1514 1824 1716 1860 uocatur.
1759 1826 1915 1874 aperte

210 1896 421 1938 confecta
441 1902 560 1945 sunt,
597 1893 747 1948 qualia
767 1892 1066 1947 pulcherrima
1084 1893 1225 1948 gladii
1245 1900 1424 1935 exstant
1447 1893 1595 1949 figuris
1615 1894 1776 1945 ornati,
1800 1909 1914 1951 quos

202 1972 378 2014 eisdem
413 1969 631 2025 sepulcris
669 1968 904 2011 debemus.
940 1980 1091 2022 neque
1116 1974 1271 2010 tamen
1307 1967 1424 2009 hanc
1447 1968 1665 2023 pingendi
1695 1970 1914 2013 rationem

202 2047 432 2101 placuisse
486 2051 685 2100 apparet,
734 2044 941 2098 quamuis
990 2057 1236 2098 numquam
1286 2057 1386 2085 eam
1441 2057 1622 2098 prorsus
1658 2046 1914 2088 exoleuisse

204 2121 470 2176 fragmentis
517 2119 845 2162 recentioribus
880 2118 1201 2161 Bonnensibus
1256 2125 1301 2160 et
1344 2118 1604 2173 Mycenaeis
1659 2126 1702 2162 et
1734 2119 1916 2180 Thorici

350 2267 364 2294 ¹
395 2270 441 2306 cf.
470 2270 582 2305 etiam
608 2268 756 2304 Canina
772 2268 874 2303 Veio
904 2266 968 2311 34,
1000 2268 1038 2316 7,
1068 2268 1108 2302 in
1138 2279 1214 2315 qua
1242 2273 1375 2303 taurus
1404 2268 1529 2316 capite
1550 2268 1717 2305 humano
1748 2275 1788 2306 et
1808 2270 1913 2307 siren

200 2336 367 2372 brachiis
396 2335 574 2383 praedita
604 2340 752 2370 exstare
781 2334 981 2371 uidentur.

347 2398 364 2426 2
396 2402 442 2438 cf.
487 2401 623 2436 situlas
666 2402 897 2447 Euganeas,
939 2399 1055 2435 Atlas
1100 2399 1137 2435 d.
1182 2399 1441 2438 centralcom.
1482 2401 1562 2438 tab.
1592 2399 1645 2438 54
1685 2406 1722 2438 et
1763 2402 1915 2440 Sacken
1980 2405 1983 2407 ’

200 2469 335 2506 Grabf.
365 2480 400 2505 v.
429 2467 576 2504 Hallst.
607 2467 686 2504 tab.
717 2465 781 2503 21.

349 2531 366 2557 3
395 2534 442 2570 cf.
471 2545 567 2569 uasa
605 2534 723 2568 rubra
763 2532 896 2567 formis
941 2535 1093 2578 ornata,
1131 2531 1266 2566 cistam
1314 2532 1521 2568 eburneam
1564 2533 1776 2578 clusinam,
1821 2548 1911 2572 uasa

201 2600 332 2636 Ionica
362 2612 382 2635 a
411 2598 668 2635 Duemmlero
699 2598 799 2643 (RM
828 2598 881 2642 ΙΙ)
911 2595 1096 2633 conlecta.

345 2661 363 2688 4
394 2665 490 2700 haec
520 2665 646 2700 forma
672 2663 748 2698 iam
777 2663 816 2698 in
843 2662 1008 2708 gemmis
1038 2661 1273 2697 insularibus
1303 2663 1469 2699 occurrit
1489 2664 1641 2709 (Perrot
1658 2665 1717 2700 VI
1740 2666 1819 2703 tab.
1851 2666 1912 2716 16,

200 2730 280 2780 20),
312 2731 418 2766 haud
447 2742 533 2766 raro
574 2731 614 2775 in
655 2729 757 2765 uasis
803 2728 1015 2764 Corinthiis
1060 2727 1286 2775 (Salzmann
1325 2728 1502 2764 Camirus
1532 2728 1596 2778 31,
1646 2731 1739 2768 Not.
1784 2733 1821 2770 d.
1852 2733 1914 2770 Sc.

200 2795 315 2841 1888,
347 2795 437 2841 692,
468 2796 549 2834 Cat.
581 2796 779 2844 Campana
806 2795 846 2831 II
873 2792 962 2842 58):
1000 2794 1048 2831 cf.
1078 2793 1317 2830 Duemmleri
1355 2794 1561 2844 amphoras
1590 2797 1739 2833 RMII
1768 2797 1846 2836 tab.
1876 2797 1913 2848 9,

198 2864 281 2899 AV
312 2862 401 2906 127,
433 2868 470 2899 et
499 2863 656 2898 situlam
684 2864 909 2909 Euganeam
938 2859 1172 2908 (Montelius
1203 2860 1313 2898 Civil.
1342 2872 1390 2896 en
1418 2861 1503 2899 Ital.
1532 2863 1552 2897 I
1580 2861 1663 2911 55).

264 2914 267 2917 v
347 2926 364 2952 ⁵
391 2929 542 2965 Canino
570 2929 674 2965 Veio
703 2926 773 2966 35:
818 2926 967 2964 similes
998 2931 1038 2963 et
1082 2926 1122 2963 in
1150 2925 1396 2974 poculorum
1430 2927 1570 2964 fulcris
1599 2929 1721 2976 nigris
1765 2928 1819 2978 (p.
1851 2929 1914 2978 15)

200 3002 239 3032 et
268 2996 308 3031 in
338 2996 526 3043 operibus
558 2995 717 3032 caelatis
748 2993 1024 3031 uetustissimis
1055 2998 1276 3040 occurrunt,
1316 2993 1503 3042 palmulis
1543 2995 1688 3032 additis
1717 2997 1758 3032 in
1801 3010 1913 3035 orna-

197 3066 329 3098 mento
375 3061 563 3108 pectorali
601 3061 816 3097 Caeretano
859 3061 978 3106 (Mus
1008 3059 1126 3104 Greg.
1154 3059 1174 3092 Ι
1199 3056 1324 3107 8213),
1364 3059 1475 3107 ipsae
1517 3061 1586 3096 alis
1620 3068 1810 3112 carentes,
1844 3069 1914 3104 sed

197 3126 381 3164 leonibus
411 3126 606 3162 interdum
641 3126 754 3163 alatis
783 3125 1035 3174 interpositae
1064 3124 1104 3159 in
1131 3123 1352 3160 diademate
1381 3130 1608 3173 peruetusto
1637 3128 1913 3174 Vetu10niensi

194 3193 305 3242 (Not.
337 3193 374 3230 d.
408 3191 751 3244 Sc.1893,504).

346 3256 363 3282 ⁶
390 3260 499 3309 Myk.
531 3261 686 3307 Thong.
718 3262 777 3297 VI
806 3259 869 3298 32.
890 3260 955 3310 34,
986 3261 1097 3309 Myk
1116 3262 1208 3299 Vas.
1230 3275 1318 3310 pag.
1340 3264 1432 3313 VII,
1463 3264 1630 3346 Tiryns
1625 3267 1703 3304 tab.
1724 3269 1761 3320 4,
1778 3233 1842 3314 26,
1863 3268 1913 3310 27
