2168 3573
989 181 1212 221 -25-

397 315 469 357 32.
524 327 632 356 uasa
665 320 709 355 et
758 314 1006 370 fragmenta
1043 327 1069 355 a
1102 313 1350 355 Boeblauio
1403 312 1523 354 Sami
1572 318 1700 353 eruta
1741 318 1879 366 atque
1915 313 1959 352 in

252 402 457 431 museum
491 387 773 432 Cassellense
808 390 982 432 delata:
1016 389 1133 430 inter
1168 402 1286 443 quae
1321 399 1503 429 urceum
1541 387 1713 429 formae
1750 386 1958 428 Milesiae

250 470 296 505 et
329 464 500 506 discum
523 448 701 507 exstare
724 465 803 506 loti
828 464 1053 520 calycibus
1085 469 1270 506 ornatos
1299 460 1373 518 (cf.
1403 461 1646 505 Naukratis
1671 462 1690 503 I
1719 463 1807 505 tab.
1839 463 1881 510 5,
1911 459 1957 513 1)

251 539 587 582 Loeschckeius
623 540 861 582 certiorem
897 553 969 582 me
1004 539 1121 582 fecit.

397 615 468 658 33.
517 614 770 670 fragmenta
793 615 928 657 Lesbi
951 621 999 656 et
1032 615 1078 656 in
1111 613 1245 656 Ponti
1282 613 1442 658 Emtini
1464 613 1552 656 oris
1589 619 1782 668 reperta,
1832 626 1953 654 nunc

247 690 445 732 Londini
469 687 721 743 ad‘seruata,
755 691 799 732 in
819 691 981 745 quibus
1015 690 1096 731 loti
1120 689 1296 745 calyces
1331 704 1381 731 se
1417 690 1587 732 uidisse
1613 688 1952 730 Loeschckeius

251 765 447 821 benigne
481 779 658 809 mecum
691 765 1052 809 communicauit.

373 828 466 886 ²34.
517 855 629 884 uasa
663 848 711 883 et
744 831 995 896 fragmenta
1029 839 1243 882 Naucrati
1296 847 1422 881 eruta
1471 847 1517 881 et
1568 840 1827 882 summatim
1877 840 1958 880 de-

246 917 413 972 scripta
443 916 708 970 (Naukratis
738 917 762 960 I
797 917 869 960 49.
906 916 948 957 II
981 914 1083 971 48):
1119 922 1322 957 craterae
1357 922 1401 957 et
1430 917 1564 958 bases
1599 916 1662 958 eis
1695 922 1847 971 aptae,
1885 915 1955 956 tri-

245 994 393 1054 podes
430 991 505 1050 (?)‚
540 999 737 1049 paterae,
790 992 902 1034 disci
937 997 1362 1040 commemorantur,
1416 991 1633 1033 nonnulla
1678 991 1957 1033 ornamentis

246 1068 390 1110 rubris
423 1068 557 1123 pictis
607 1073 745 1122 atque
779 1067 917 1109 etiam
953 1065 1205 1121 anaglyptis
1230 1062 1246 1092 1
1280 1067 1506 1109 decorata.
1552 1066 1766 1121 imprimis
1801 1072 1956 1108 autem

248 1142 616 1198 inscriptionibus
672 1140 983 1182 memorabilia
1044 1146 1182 1196 sunt„
1228 1141 1387 1194 quibus
1449 1141 1569 1182 nisus
1619 1140 1958 1183 Loeschckeius

244 1213 416 1271 (AAnz.
453 1218 587 1264 1891,
626 1212 702 1270 18)
737 1216 851 1258 haec
884 1228 996 1257 uasa
1031 1228 1057 1256 a
1093 1215 1285 1269 Lesbiis,
1342 1216 1419 1270 qui
1459 1229 1560 1257 cum
1595 1217 1753 1258 Samiis
1788 1223 1835 1257 et
1870 1215 1955 1257 Mi-

246 1292 365 1335 lesiis
399 1290 657 1335 Naucratim
690 1290 915 1334 coloniam
947 1289 1251 1347 deduxerunt,
1307 1288 1426 1333 facta
1473 1304 1576 1334 esse
1609 1291 1956 1334 demonstrauit.

247 1381 351 1410 cum
387 1379 497 1409 uero
532 1372 674 1408 totam
711 1379 847 1422 quam
880 1365 1246 1418 enumerauimus
1280 1367 1441 1407 seriem
1475 1373 1568 1408 tam
1602 1367 1736 1409 arctis
1769 1367 1957 1409 uinculis

246 1443 489 1486 cohaerere
537 1441 791 1491 uideamus,
845 1447 894 1483 ut
942 1440 1132 1483 alterum
1188 1441 1244 1482 ab
1296 1441 1438 1483 altero
1488 1441 1641 1483 diuelli
1677 1456 1769 1484 non
1804 1443 1956 1498 possit,

245 1517 420 1560 Lesbiis
454 1516 568 1558 haec
602 1529 709 1558 uasa
746 1516 896 1558 omnia
944 1516 1187 1558 tribuenda
1220 1503 1325 1557 esse
1361 1502 1542 1557 censeo.
1597 1518 1723 1572 quod
1773 1518 1807 1559 si
1840 1517 1958 1559 inter

244 1594 416 1652 singula
464 1592 567 1634 satis
616 1605 775 1646 graues
824 1592 1117 1634 intercedunt
1168 1591 1516 1647 discrepantiae,
1567 1594 1847 1634 monendum
1890 1600 1957 1635 est

234 1667 561 1723 antiquissima
595 1666 815 1721 exempla,
871 1679 988 1721 quae
1040 1666 1137 1707 sola
1174 1666 1371 1708 colorem
1425 1667 1676 1708 caeruleum
1725 1667 1956 1718 exhibent,

245 1743 426 1785 saeculo
462 1741 553 1784 fere
586 1747 681 1783 toto
718 1741 885 1783 distare
921 1754 948 1783 a
982 1740 1324 1791 recentioribus,
1368 1742 1414 1782 in
1463 1742 1624 1796 quibus
1671 1755 1818 1796 pauca
1855 1748 1953 1784 tan-

243 1823 339 1859 tum
373 1823 641 1859 ornamenta
675 1823 813 1872 atque
849 1817 1001 1858 minus
1037 1817 1251 1879 adcurate
1285 1817 1421 1871 picta,
1470 1817 1686 1872 imprimis
1722 1818 1800 1860 loti
1835 1819 1953 1874 caly-

243 1905 333 1943 ces,
370 1899 620 1936 occurrunt.
655 1905 804 1948 neque
857 1893 1132 1934 ornamentis
1184 1892 1438 1947 anaglyptis
1474 1892 1754 1934 Naucratitis
1805 1893 1953 1948 prohi-

246 1968 416 2024 bemur,
452 1967 688 2022 quominus
722 1979 831 2009 uasa
864 1967 935 2009 illa
957 1967 1253 2021 pulcherrima
1275 1967 1614 2009 Vetuloniensia
1648 1969 1829 2010 saeculo
1863 1968 1954 2010 fere

242 2042 505 2097 uetustiora,
541 2042 600 2084 de
633 2042 792 2096 quibus
818 2055 951 2097 supra
977 2039 1039 2097 (p.
1061 2043 1085 2084 8
1107 2040 1228 2097 sqq.)
1265 2042 1402 2085 fusius
1438 2043 1743 2100 disseruimus,
1776 2050 1820 2085 et
1857 2044 1955 2099 ipsa

240 2116 379 2158 Lesbi
414 2116 536 2158 facta
563 2129 664 2158 esse
697 2116 829 2158 nobis
872 2117 1104 2171 fingamus.
1146 2122 1284 2172 atque
1318 2117 1504 2158 o'mnino
1538 2131 1840 2174 quaecunque
1877 2131 1955 2159 ua-

242 2204 391 2233 sorum
427 2191 557 2232 seriei
590 2191 769 2247 propria
804 2197 922 2241 sunt,
974 2205 1075 2233 cum
1110 2192 1276 2234 Lesbia
1327 2193 1502 2247 origine
1552 2193 1722 2248 optime
1757 2206 1952 2247 congru-

242 2272 334 2311 unt.
371 2266 488 2309 inter
522 2265 688 2309 formas
711 2272 891 2322 praeter
913 2266 1136 2323 hydriam,
1162 2280 1364 2322 urceum,
1403 2273 1621 2323 pateram,
1658 2282 1776 2324 quae
1800 2267 1955 2312 Ionica

246 2355 345 2384 esse
381 2331 590 2395 uidimus,
639 2342 885 2397 amphorae
921 2343 1041 2383 duae
1074 2342 1286 2397 imprimis
1318 2344 1644 2384 memorandae
1679 2350 1807 2386 sunt:
1845 2358 1955 2399 qua-

240 2431 336 2460 rum
374 2418 516 2461 altera
552 2431 608 2459 ex
641 2417 753 2473 pithi
786 2416 929 2460 forma
962 2417 1120 2460 Ionica
1154 2423 1253 2460 orta
1286 2424 1354 2460 est
1369 2415 1399 2475 2,
1443 2419 1570 2461 alteri
1606 2425 1786 2474 praeter
1817 2418 1953 2462 Nico-

245 2493 430 2544 sthenis,
482 2506 620 2548 quem
670 2492 829 2533 Ionem
873 2479 1006 2534 fuisse
1040 2493 1382 2535 Loeschckeius
1436 2491 1534 2546 (AZ
1577 2495 1692 2537 1881
1750 2495 1806 2537 35
1840 2492 1953 2549 sqq.)

240 2568 497 2610 certissimis
566 2568 843 2624 argumentis
910 2569 1251 2619 demonstrauit,
1318 2569 1469 2611 similis
1528 2575 1677 2610 exstat
1735 2569 1955 2628 amphora

239 2643 433 2685 Berolin.
473 2644 591 2687 1855
632 2641 822 2695 (Pottier
857 2642 983 2686 BCH
1019 2643 1152 2686 XVII
1187 2641 1294 2699 432)
1335 2650 1381 2686 et
1416 2645 1512 2699 ipsa
1544 2644 1713 2687 Ionica.
1784 2659 1810 2686 a
1844 2645 1954 2686 Les-

247 2717 330 2758 biis
365 2717 500 2771 igitur
532 2716 648 2759 hanc
683 2717 871 2759 formam
907 2718 1084 2760 Etrusci
1117 2717 1238 2772 figuli
1273 2726 1565 2773 acceperunt.

392 2790 591 2845 Figurae
641 2793 849 2834 extremis
898 2798 1072 2834 tantum
1122 2793 1249 2834 lineis
1300 2793 1463 2848 pictae,
1516 2793 1683 2834 deinde
1733 2794 1955 2835 coloribus

388 2976 403 3003 ¹
432 2979 637 3028 palmulas,
667 2980 803 3029 spiras,
842 2986 1068 3018 ornamenta
1095 2993 1332 3030 papauerum
1361 2982 1552 3030 capitibus
1575 2981 1718 3018 similia
1748 2992 1953 3018 occurrere

234 3047 294 3081 Lo
307 3045 542 3082 eschckeius
573 3046 670 3081 mihi
699 3047 809 3084 dixit.

384 3107 402 3135 2
428 3111 475 3149 cf.
505 3111 636 3159 pithos
665 3112 949 3149 Naucratiticos
994 3118 1031 3149 et
1069 3125 1142 3152 cos
1190 3113 1256 3162 qui
1299 3112 1337 3150 in
1379 3113 1473 3150 cista
1514 3113 1680 3150 eburnea
1702 3113 1865 3150 Clusina
1894 3125 1954 3150 ex-

235 3177 362 3224 pressi
393 3182 493 3214 sunt.
