2168 3573
1041 208 1179 259 ..'13
1216 237 1264 248 ...

213 336 218 340 ’
265 343 411 396 *nino
447 352 669 407 diuersae,
720 353 845 396 cuius
874 353 1085 409 exempla
1134 352 1259 394 haud
1293 364 1500 407 paucae
1534 357 1651 393 terra
1686 350 1815 405 nigra
1865 350 2016 393 subtili

298 427 405 470 ficta
439 428 523 471 sed
557 428 833 476 ornamentis
858 427 1062 471 carentia
1089 427 1136 469 in
1170 426 1322 469 Sicilia
1355 431 1608 470 occurrunt.
1644 425 2015 488 flabelliswornati

273 492 551 558 complures
607 510 785 559 tempus
835 504 1044 563 tulerunt,
1094 502 1220 544 uelut
1267 501 1413 545 Berol.
1458 503 1591 551 1485,
1655 500 1920 555 Vircebiirg.
1973 502 2014 556 8,

266 564 425 620 >'Gsell
447 577 577 621 Vulci
614 579 704 623 tab.
739 580 779 634 3,
805 579 849 629 4,
875 565 949 620 alii
985 576 1261 627 Florentiae,
1286 575 1475 619 Bonnae
1501 576 1556 620 al.
1593 575 1849 618 adseruati:
1884 587 2014 617 acce-

258 658 260 660 ’
300 654 416 696 dunt
450 654 656 704 nonnulli
687 653 840 709 figuris
872 652 1101 707 insigniti:

454 732 496 773 1.
529 728 677 772 Berol.
710 721 862 772 AAnz.
904 728 1116 783 1893‚82,
1154 726 1360 769 Graecae
1394 726 1442 768 ni
1476 724 1605 767 fallor
1629 725 1836 779 originis:
1873 725 2015 768 altera

305 816 361 846 ex
395 810 522 860 parte
557 793 873 847 ornamentum
923 803 1159 858 quoddam
1194 797 1437 858 grypibusl
1481 801 1662 844 duobus
1697 801 2012 858 interpositum

303 885 387 933 est,
422 892 478 920 ex
501 879 644 922 altera
666 880 817 935 palma
841 878 1095 920 ornamenti
1130 878 1172 919 in
1198 878 1397 932 speciem
1431 878 1621 919 redacta
1655 877 1774 918 inter
1796 877 2012 932 sphinges

299 955 428 1009 duas,
483 946 672 1010 quarum
714 955 855 996 altera
888 954 961 995 ala
1011 959 1146 1008 caret,
1197 964 1412 1008 expressa
1460 958 1540 1002 est,
1597 951 1764 994 additis
1798 952 2011 994 struthio·

303 1028 477 1071 camelo
500 1024 580 1088 (cf.
601 1028 716 1070 infra
734 1041 776 1083 p.
803 1026 879 1082 17)
903 1027 1153 1083 palmisque
1183 1027 1361 1068 duabus
1385 1027 1442 1067 ab
1478 1027 1551 1068 illa
1586 1027 1803 1077 diuersis,
1825 1040 2013 1082 quarum

305 1104 556 1160 cacumina,
590 1103 796 1159 quamuis
832 1108 1226 1156 ornamentorum,
1255 1116 1347 1144 non
1383 1102 1595 1144 arborum
1629 1102 1729 1144 uice
1754 1102 2013 1160 fungantur,

299 1179 359 1219 ad
394 1184 584 1220 naturae
618 1177 877 1232 exemplum
932 1177 1040 1218 satis
1075 1177 1293 1218 adcurate
1327 1189 1541 1230 expressa
1575 1182 1708 1218 sunt:
1761 1190 1852 1230 qua
1885 1189 1934 1217 re
1969 1184 2015 1217 et

297 1252 393 1307 ipsa
426 1266 508 1295 uas
542 1252 784 1295 Etruscum
816 1264 910 1294 non
945 1264 1044 1294 esse
1078 1251 1380 1294 confirmatur.

289 1378 291 1380 ,
447 1331 488 1372 2.
525 1328 669 1372 Berol.
697 1328 814 1372 1541
850 1327 1026 1380 (nostra
1059 1327 1148 1369 tab.
1183 1326 1226 1382 Ι)
1259 1327 1312 1371 A.
1343 1333 1581 1369 centaurus
1616 1326 1837 1369 humanus
1862 1328 2014 1369 tunica

300 1404 427 1446 breui
449 1405 635 1446 indutus
652 1415 918 1458 ramumque
943 1409 1131 1458 utraque
1153 1416 1289 1444 manu
1316 1416 1492 1457 gerens,
1515 1403 1628 1445 aries
1652 1416 1790 1459 quem
1810 1403 1881 1445 leo
1900 1405 2015 1445 ado-

299 1480 421 1531 ritur,
460 1478 508 1523 B.
533 1491 694 1534 equus,
739 1478 810 1520 cui
842 1491 1032 1533 paruum
1067 1477 1234 1520 animal
1270 1477 1456 1520 felinum
1489 1477 1659 1520 insidet
1674 1475 1706 1535 2,
1743 1478 1906 1534 sphinx
1941 1479 2013 1520 ala

303 1560 557 1606 recuruata‚
580 1553 748 1607 monili,
784 1552 969 1595 brachio
1005 1553 1222 1603 humano,
1258 1565 1349 1608 quo
1383 1566 1556 1594 ramum
1591 1559 1734 1604 tenet,
1759 1550 2013 1611 instructa3,

300 1622 483 1684 caprea'
501 1642 527 1670 a
549 1628 772 1683 panthera
797 1628 1037 1670 dilaniata:
1063 1628 1109 1669 in
1131 1641 1293 1683 campo
1326 1642 1455 1670 rosae
1479 1635 1524 1670 et
1558 1636 1826 1671 ornamenta
1851 1630 2013 1671 addita

299 1710 419 1755 sunt,
454 1703 618 1760 quibus
655 1702 812 1745 similia
843 1702 888 1744 in
923 1701 1044 1745 ansis
1079 1709 1269 1758 quoque
1295 1709 1488 1747 exstant.
1525 1703 1786 1745 animalium
1825 1717 2014 1759 corpora

301 1778 448 1820 fasciis
482 1779 756 1832 cinguntur:
789 1777 845 1821 cf.
879 1790 1012 1832 supra
1036 1790 1080 1832 p.
1112 1779 1154 1821 4.

451 1854 491 1898 3.
524 1853 678 1896 Micali
699 1852 824 1896 Mon.
849 1852 908 1896 in.
933 1853 1036 1909 27‚5
1060 1852 1312 1908 :panthera
1335 1865 1546 1909 capream
1570 1852 1774 1896 faucibus
1801 1860 1963 1897 tenens
1977 1852 2012 1912 4,

304 1931 377 1974 leo
411 1931 568 1981 alatus,
624 1930 697 1972 leo
742 1935 976 1971 arrectus:
1036 1941 1225 1984 corpora
1277 1930 1457 1985 punctis
1505 1930 1701 1987 expleta,
1765 1931 1811 1972 in
1847 1944 2011 1987 campo

300 2005 454 2065 palma
487 2011 534 2047 et
565 2004 765 2060 palmula
797 2003 1046 2045 Phoenicia
1079 2004 1240 2046 addita
1273 2011 1391 2048 sunt.

433 2082 490 2124 4.
528 2078 690 2135 Micali·
706 2078 830 2123 Mon.
866 2079 926 2123 in.
963 2079 1378 2134 27,3:exemplum
1402 2080 1644 2123 Etruscum
1679 2094 1781 2123 esse
1805 2088 2011 2137 apparet,

300 2154 517 2210 quoniam
551 2167 704 2197 nouae
739 2153 912 2196 formae
961 2153 1153 2196 arietum
1188 2155 1336 2210 capita
1393 2161 1604 2198 uetustae
1636 2157 1718 2198 arti
1767 2157 2018 2212 peculiaria

256 2248 258 2251 ’
301 2230 461 2272 addita
493 2234 623 2273 sunt:
670 2229 713 2270 in
749 2228 871 2271 ansis
904 2228 1083 2271 flabella
1117 2228 1353 2271 dimidiata
1388 2235 1583 2283 exstant,
1631 2231 1676 2272 in
1710 2244 1900 2287 corpore
1938 2232 2010 2273 leo

299 2305 498 2361 linguam
528 2302 755 2360 proiciens
809 2308 868 2352 et,
888 2314 1048 2344 ceruus
1082 2303 1234 2353 dama,
1290 2316 1382 2359 quo
1417 2305 1690 2360 exemplaria
1723 2305 1915 2361 quidem
1953 2320 2010 2347 ex

299 2380 428 2422 Ionia
461 2380 661 2422 aduecta
689 2377 875 2434 figulum
908 2377 1128 2421 imitatum
1162 2392 1264 2421 esse
1297 2385 1518 2435 apparet:
1553 2380 1608 2424 cf.
1646 2380 1761 2423 infra
1795 2396 1839 2437 p.
1867 2383 1939 2428 18.

408 2450 530 2497 -Ἠίε
565 2453 792 2509 subiungo
824 2454 1034 2510 exempla
1068 2468 1094 2497 e
1117 2455 1336 2511 catalogis
1369 2455 1477 2497 mihi
1510 2462 1633 2508 nota,
1667 2456 1893 2514 Petropol.
1923 2459 2011 2502 162

302 2528 559 2585 (panthera,
584 2542 741 2585 equus,
767 2527 961 2583 ceruus),
999 2527 1098 2574 Cat.
1132 2529 1368 2586 Campana
1389 2531 1452 2572 III
1486 2531 1558 2573 87.
1581 2534 1654 2586 97,
1690 2532 1881 2588 Neapol.
1902 2534 2006 2576 209.

447 2603 501 2650 V.
537 2605 660 2648 urcei
687 2603 830 2661 =labris
864 2604 1024 2648 trifidis
1046 2605 1261 2662 collisque
1294 2606 1396 2649 altis
1427 2601 1646 2663 instructi,
1681 2608 1807 2651 cuius
1839 2607 2011 2651 formae

307 2686 353 2722 et
385 2670 613 2724 inSicilia
649 2682 855 2738 exempla
887 2688 1067 2738 reperta
1111 2688 1219 2725 sunt
1252 2682 1335 2724 arti
1370 2683 1763 2738 protocorinthiae
1792 2684 2014 2726 simillima

462 2838 479 2867 ¹
508 2842 644 2880 rostris
681 2843 825 2892 apertis
852 2842 983 2879 bullas
1025 2843 1200 2890 singulas
1228 2848 1379 2892 gerunt,
1423 2848 1537 2892 typus
1581 2845 1672 2881 artis
1699 2845 1891 2889 Milesiae,
1937 2856 2015 2881 non

306 2908 538 2946 Corinthiae
565 2907 773 2959 proprius.

449 2970 468 2998 2
495 2975 546 3013 cf.
575 2975 743 3023 picturas
771 2975 959 3023 Veientes
989 2975 1137 3012 Canina
1168 2977 1268 3012 Veio
1297 2976 1347 3015 31
1368 2993 1414 3011 =
1433 2978 1569 3014 Micali
1597 2979 1710 3015 Mon.
1738 2977 1792 3015 in.
1821 2977 1886 3017 58.

449 3037 467 3064 3
495 3040 636 3090 sphinx
664 3041 829 3078 brachio
857 3029 1059 3085 instructa>
1080 3042 1184 3090 picta
1221 3047 1280 3079 est
1319 3043 1360 3079 in
1399 3043 1584 3092 amphora
1612 3043 1809 3080 Bonnensi
1838 3044 1878 3080 in
1905 3044 2015 3081 Italia

303 3110 344 3141 ut
376 3105 541 3142 uidetur·
563 3112 726 3156 reperta,
753 3119 867 3155 quam
896 3108 1076 3155 coloniae
1102 3109 1257 3145 Ionicae
1283 3109 1492 3147 tribuerim.

447 3168 466 3195 4
492 3172 648 3209 Ionicus
669 3177 783 3221 typus
814 3178 897 3212 est:
929 3173 976 3213 cf.
1005 3175 1110 3213 Mus.
1132 3175 1194 3213 Br.
1216 3175 1249 3210 B
1282 3174 1370 3219 102,
1398 3174 1449 3213 23
1471 3180 1510 3211 et
1538 3176 1656 3212 Tanis
1677 3177 1718 3211 II
1735 3176 1813 3214 tab.
1835 3175 1901 3226 26,
1924 3176 1971 3214 15
1982 3189 2015 3226 a,

234 3286 237 3289 .
299 3241 413 3283 atque
439 3237 554 3273 etiam
582 3237 742 3274 fibulam
768 3239 1077 3286 antiquissimam
1094 3228 1298 3276 Boeotiam
1317 3241 1447 3279 AIhb.
1463 3241 1524 3277 111
1542 3240 1639 3280 362:
1670 3243 1717 3280 cf.
1737 3243 1837 3278 infra
1851 3255 1889 3290 p.
1906 3242 2017 3293 41s2.
