2168 3573
1036 166 1257 205 ,43-

266 292 543 346 *Hadriatici
591 316 693 346 oras
743 302 833 345 iam
877 302 986 344 inde
1033 301 1091 343 ab
1141 306 1311 342 octauo
1362 297 1545 340 saeculo
1601 296 1790 338 coloniis
1835 294 1997 337 Ionicis

289 377 499 425 florentes
537 379 596 420 ad
645 378 890 431 Euganeos
937 377 1140 432 defluxit,
1190 377 1267 432 qui
1312 382 1454 417 artem
1488 374 1609 415 illam
1644 372 2000 414 uetustissimam

290 442 370 496 diu
400 452 667 496 inmutatam
701 449 963 497 seruarunt:
1011 451 1194 495 alterius
1230 462 1339 493 uero
1370 448 1464 503 riui,
1508 448 1566 489 ab
1601 446 1676 488 illo
1711 446 1896 487 omnino
1932 445 1996 486 di·

290 528 457 580 stincti,
505 529 635 585 quasi
667 535 819 582 guttas
869 541 973 570 esse
1020 540 1188 569 censeo
1237 533 1285 567 et
1319 539 1461 581 opera
1502 521 1578 566 illa
1625 536 1771 564 aenea
1823 521 2002 563 caelata

291 609 431 658 atque
461 605 650 660 scalpta,-
680 610 726 647 et
759 617 874 659 quae
921 617 978 646 ex
1023 603 1105 645 illis
1138 602 1345 659 pendent
1390 613 1504 643 uasa
1553 598 1682 655 nigra
1725 595 1904 640 subtilia
1953 601 2000 636 et

291 666 411 721 uasa
459 678 638 721 bernice
687 680 885 730 inducta,
937 691 1130 735 quorum
1176 683 1364 731 utraque
1407 676 1576 719 eodem
1626 674 1729 715 loco
1780 672 2002 725 originem

291 753 476 795 duxisse
509 766 776 808 persuasum
809 744 973 796 habeo.

447 827 573 871 Vasa
603 829 788 871 bernice
821 829 1008 871 inducta
1050 841 1146 870 non
1177 827 1274 870 sine
1307 825 1624 882 probabilitate
1660 823 1836 866 Siciliae
1870 822 2002 864 tribui

290 915 429 959 posse
466 903 675 946 uidimus.
741 917 853 947 uasa
900 904 1029 958 nigra
1072 916 1182 944 uero
1224 903 1349 956 quod
1384 901 1561 951 attinet,
1613 900 1650 942 si
1680 913 1773 941 non
1808 898 2001 953 scyphos

294 985 473 1022 tantum
496 985 632 1036 atque
651 979 853 1035 lecythos
878 979 1042 1022 formas
1064 976 1444 1035 protocorinthias
1467 975 1682 1019 exhibere
1704 973 2001 1031 reputaueris‚

292 1054 376 1096 sed
413 1067 572 1096 urceos
623 1051 803 1096 exstare
817 1050 851 1106 1,
907 1066 1100 1108 quorum
1134 1053 1293 1102 forma,
1344 1052 1427 1094 arti
1461 1051 1639 1093 Siculae
1688 1064 1743 1091 ex
1789 1057 2001 1105 protoco-

289 1128 453 1188 rinthia
507 1129 728 1185 pendenti
796 1128 1049 1185 peculiaris,
1104 1129 1149 1170 in
1201 1128 1299 1183 ipsa
1352 1133 1447 1170 arte
1502 1125 1860 1182 protocorinthia
1907 1139 2002 1167 non

292 1208 512 1259 occurrat,
570 1209 807 1260 praeterea
864 1203 1106 1246 cantharos
1159 1217 1217 1245 ex
1263 1209 1381 1244 terra
1434 1202 1563 1256 nigra
1613 1201 1739 1243 fictos
1791 1202 1998 1243 eiusdem

294 1292 480 1334 prorsus
531 1256 718 1335 sBhnae,
775 1292 912 1333 quam
959 1279 1118 1333 scalpti
1164 1279 1391 1330 exhibent,
1446 1278 1492 1320 in
1540 1277 1684 1320 Sicilia
1739 1276 2001 1331 frequentes

294 1352 492 1410 reperiri,
545 1352 678 1397 facile
713 1354 956 1405 concedes,
1007 1353 1123 1396 haec
1166 1366 1351 1411 quoque
1401 1365 1513 1396 uasa
1545 1365 1637 1394 non
1688 1352 1785 1394 sine
1833 1365 2002 1406 magna

290 1429 442 1484 specie
490 1429 690 1472 ueritatis
739 1431 914 1473 Siciliae
970 1431 1222 1480 uindicari:
1284 1443 1373 1484 qua
1421 1443 1469 1470 re
1504 1442 1662 1470 omnes
1712 1428 2000 1471 difficultates

297 1504 523 1548 tollantur.
573 1506 700 1559 quod
746 1507 784 1548 si
818 1507 916 1561 quis
952 1506 1194 1548 artificibus
1241 1505 1410 1548 Ionicis
1456 1505 1502 1546 in
1548 1503 1755 1546 Etruriae
1805 1504 1999 1559 oppidis,

292 1577 437 1620 Caere
472 1579 544 1621 uel
579 1564 848 1635 Tarquiniis,
882 1578 1221 1622 habitantibus2
1254 1580 1369 1621 haec
1405 1592 1516 1621 uasa
1551 1580 1710 1621 deberi
1739 1578 1996 1631 coniecerit,

292 1654 558 1710 peregrinos
592 1656 692 1698 illos
746 1657 903 1712 paucis
939 1657 1101 1699 abhinc
1150 1656 1278 1698 annis
1331 1655 1376 1697 in
1410 1655 1586 1698 Etruria
1636 1655 1859 1709 degentes
1907 1659 1997 1696 tam

291 1729 568 1784 singularem
602 1737 740 1787 atque
773 1733 1022 1788 perfectam
1054 1738 1195 1774 artem
1229 1733 1424 1787 adeptos
1460 1744 1561 1773 esse
1595 1744 1688 1773 non
1728 1730 1997 1786 putauerim,

293 1811 474 1865 qualem
511 1810 557 1851 in
591 1809 780 1852 coloniis
812 1807 970 1851 Siculis
1005 1807 1091 1850 iam
1127 1808 1301 1850 dudum
1333 1807 1596 1849 florentibus
1632 1806 1858 1850 excultam
1893 1818 1997 1848 esse

288 1898 425 1927 nemo
459 1884 702 1926 mirabitur.

443 1992 459 2019 ¹
486 1993 705 2043 exemplum
734 1999 839 2030 certo
873 2005 953 2030 non
971 1993 1154 2030 Etruscae
1175 1994 1335 2041 originis
1366 2006 1482 2043 supra
1509 1992 1563 2043 (p.
1582 1993 1647 2040 14)
1670 1992 1995 2030 enumerauimus.

443 2058 461 2085 Β
487 2060 651 2097 artifices
680 2060 851 2097 Graecos
889 2060 929 2096 in
954 2061 1147 2096 Etruriam
1183 2061 1339 2097 ineunte
1367 2073 1398 2099 s.
1426 2060 1499 2099 VI.
1527 2061 1715 2107 migrasse
1745 2072 1831 2096 cum
1860 2072 1929 2108 per
1959 2072 1998 2096 se

302 2127 504 2176 probabile
559 2127 621 2176 sit,
676 2131 755 2163 tum
800 2126 1048 2163 confirmatur
1090 2127 1273 2175 operibus
1320 2128 1522 2164 nonnullis
1563 2140 1648 2164 cum
1693 2127 1797 2163 uasis
1841 2137 1998 2174 quoque

294 2193 440 2228 nostris
470 2192 653 2229 affinitate
692 2193 858 2241 quadam
886 2193 1109 2239 coniunctis,
1155 2206 1257 2242 quae
1300 2195 1472 2231 aduenae
1501 2193 1640 2231 Ionico
1684 2206 1798 2242 quam
1827 2195 1997 2229 Etrusco

247 2292 251 2293 ⁷
290 2256 445 2295 Ionicos
472 2258 623 2295 imitato
652 2259 824 2295 tribuere
866 2259 1014 2297 malim:
1062 2260 1189 2307 qualia
1233 2260 1497 2309 sepulcrorum
1538 2265 1672 2309 portae
1717 2266 1805 2296 sunt
1832 2259 1997 2307 Tarqui-

215 2321 221 2323 ”
288 2324 446 2360 nienses
489 2324 642 2370 (Micali
670 2324 799 2360 storia
826 2324 890 2373 67,
921 2324 957 2369 7,
987 2325 1146 2373 Semper
1180 2327 1253 2362 Stil
1282 2326 1301 2364 I
1329 2326 1426 2366 435:
1471 2328 1519 2364 cf.
1548 2327 1644 2363 Not.
1674 2327 1712 2364 d.
1742 2326 1804 2363 Sc.
1837 2324 1999 2374 1880s1,

288 2388 367 2427 476
394 2394 508 2436 atque
536 2388 726 2437 imprimis
756 2389 962 2426 Milanium
999 2390 1095 2428 Not.
1125 2391 1165 2430 d.
1193 2392 1256 2430 Se.
1287 2391 1402 2439 1892,
1430 2391 1525 2439 472)
1563 2392 1612 2428 ad
1651 2392 1887 2440 exemplaria
1917 2403 2000 2427 cae-

287 2454 368 2491 lata
409 2459 541 2503 aperte
583 2454 855 2498 conformatae,
897 2456 1161 2504 monstrisque
1216 2456 1325 2493 alatis
1377 2458 1549 2504 insignes
1592 2456 1760 2507 (accedit
1812 2457 2000 2505 panthera

289 2521 391 2558 alata
416 2532 502 2557 crus
531 2520 738 2558 humanum
765 2523 957 2575 deuorans
987 2523 1027 2560 in
1054 2524 1169 2574 cippo
1189 2525 1461 2573 Tarquiniensi
1490 2537 1589 2562 nunc
1608 2525 1839 2562 Florentino
1860 2524 1999 2560 eadem

289 2592 368 2624 arte
397 2588 577 2637 sculpta),
608 2593 724 2638 atque
746 2589 934 2638 imprimis
963 2590 1137 2639 picturae
1159 2592 1348 2628 Veientes
1377 2592 1543 2642 (Canina
1562 2593 1661 2629 Veio
1691 2592 1760 2630 31:
1792 2592 1838 2628 cf.
1862 2592 1998 2628 Caere-

288 2658 396 2691 tanas
424 2655 526 2693 Bull.
557 2655 672 2707 1834,
702 2656 752 2698 97
781 2662 818 2694 et
847 2658 1031 2695 Clusinas
1060 2659 1162 2696 Bull.
1201 2658 1317 2709 1875,
1346 2659 1424 2698 225
1466 2672 1619 2696 necnon
1663 2672 1781 2696 ouum
1811 2658 1999 2695 struthio·

287 2722 519 2760 camelinum
547 2723 728 2772 pictum
758 2737 874 2773 supra
901 2737 938 2773 p.
969 2723 1052 2774 20),
1095 2736 1194 2774 quae
1223 2725 1427 2761 coloribus
1471 2726 1512 2762 in
1542 2726 1769 2773 corporibus
1801 2725 1998 2768 cruribus-

263 2782 363 2838 *que
407 2788 692 2826 alternantibus
741 2795 779 2826 et
819 2791 1003 2838 palmulis
1032 2791 1259 2828 Phoeniciis
1301 2803 1385 2828 cum
1427 2792 1535 2828 uasis
1579 2792 1721 2828 nostris
1765 2797 1993 2836 congruunt.

289 2856 457 2905 denique
485 2868 581 2894 uasa
609 2869 766 2906 quoque
797 2862 946 2894 exstant
972 2857 1275 2894 italocorinthiis
1305 2870 1405 2907 quae
1435 2859 1616 2895 dicuntur
1640 2863 1997 2906 ceterumprorsus

287 2922 443 2967 similia,
484 2923 554 2958 sed
590 2924 774 2959 monstris
820 2923 1010 2971 imprimis
1053 2916 1167 2960 alatis
1209 2925 1296 2960 rudi
1339 2929 1420 2960 arte
1462 2926 1571 2973 pictis
1616 2930 1762 2971 ornata,
1806 2936 1905 2973 quae
1948 2925 1998 2960 ad

291 2990 528 3039 exemplaria
557 2989 696 3027 classis
737 2996 891 3028 nostrae
919 2991 969 3028 ab
999 2992 1176 3029 Etruscis
1207 2993 1308 3029 facta
1337 3003 1425 3029 esse
1452 2996 1548 3041 puto
1569 2990 1741 3041 (Monac.
1785 2989 1875 3029 944.
1905 2989 1995 3029 960.

287 3054 376 3094 962.
406 3053 499 3095 963.
528 3054 617 3095 965.
652 3055 766 3096 1218.
794 3057 952 3096 Virceb.
983 3057 1049 3097 73.
1079 3057 1143 3098 75.
1173 3059 1346 3096 Florent.
1376 3059 1525 3096 Oruiet.
1554 3057 1723 3105 Bonn.):
1754 3069 1831 3104 qua
1860 3069 1900 3092 re
1929 3057 1993 3092 uel

290 3121 378 3158 sola
407 3122 533 3170 ipsam
564 3123 671 3159 illam
702 3123 860 3161 classem
888 3137 966 3162 non
994 3138 1044 3185 ex.
1068 3125 1224 3162 Etruria
1250 3125 1453 3162 oriundam
1483 3136 1569 3161 esse
1597 3124 1802 3161 indicatur.
