2168 3573
1005 178 1240 237 -9-

247 334 340 393 ,uix
373 347 491 393 opus
526 339 595 377 est
627 347 838 388 monere3
870 338 1009 388 atque
1043 338 1171 375 rotae
1203 345 1387 387 quoque
1424 332 1469 374 in
1501 330 1656 373 medio
1689 330 1821 373 fictae
1852 329 1971 372 sirni-

266 403 330 465 les
362 409 402 450 si
432 404 526 450 non
559 408 604 449 in
637 408 824 450 nasibus
859 407 1031 461 aeneis,
1083 420 1201 462 quae
1235 407 1419 463 quidem
1454 395 1630 461 tempus
1665 405 1873 453 tulerunt,
1924 409 1971 445 at

241 484 328 525 ⁴‚in
345 484 486 537 galeis
517 484 564 524 in
598 483 772 537 Magna
793 480 1007 542 Graecia
1033 479 1259 536 repertis1
1293 487 1542 523 occurrunt.

414 557 566 613 Atque
601 548 719 600 felici
745 570 853 600 casu
888 555 1056 599 factum
1094 562 1176 606 est,
1210 562 1258 598 ut
1279 554 1525 611 exemplari
1559 554 1618 597 illi
1655 567 1802 595 aenea
1835 552 1971 594 simil-

263 631 367 690 lima
400 637 702 681 seruarentur,
737 631 888 673 discos
913 631 1016 672 dico
1039 630 1322 690 *Caeretanos
1347 627 1485 685 (Mus.
1513 629 1652 683 Greg.
1676 629 1697 669 I
1736 629 1806 676 15,
1827 624 1967 679 3—4)

264 705 469 749 eiusdem
504 706 598 749 fere
616 706 809 756 aetatis„
827 705 903 760 qui
936 712 982 749 et
1015 705 1100 761 ipsi
1133 706 1291 748 leones
1323 696 1477 748 ternos
1501 704 1675 747 ratione
1707 702 1815 746 satis
1840 701 1971 744 simili

264 781 380 824 circa
413 794 563 824 rosam
597 781 845 837 dispositos
880 779 1127 824 exhibent:
1163 781 1239 837 qui
1273 780 1479 836 quamuis
1516 779 1612 836 alis,
1648 777 1801 834 costis,
1845 776 1969 832 geni-

265 857 429 900 talibus
480 859 665 900 careant
715 861 855 910 atque
891 856 1075 898 omnino
1129 862 1224 899 art'e
1255 857 1400 899 minus
1431 855 1616 911 egregia
1659 852 1824 896 caelati
1868 852 1969 905 sint,

265 939 419 975 tamen
469 946 571 975 cum
605 932 789 991 nasibus
824 930 1227 975 Vetuloniensibus
1277 932 1391 974 disci
1425 931 1484 973 illi
1531 931 1699 982 maiore
1748 928 1971 970 affinitate

263 1007 611 1062 coniunguntur,
645 994 779 1061 quam
805 1019 924 1061 quae
957 1006 1083 1049 casui
1117 1007 1250 1048 tribui
1270 1007 1427 1061 possit.
1462 1019 1489 1047 a
1513 1005 1651 1048 discis
1674 1017 1783 1046 uero
1819 1004 1970 1045 seiun-

263 1095 372 1136 gere
404 1081 591 1123 omnino
624 1080 847 1123 nonlicet
878 1081 1063 1124 laminas
1094 1094 1264 1125 aeneas
1296 1081 1343 1123 in
1373 1081 1539 1122 eodem
1574 1079 1781 1135 sepulcro
1804 1077 1967 1120 Caere-

263 1163 372 1198 tano
407 1161 554 1197 erutas
584 1152 724 1212 (MUS.
759 1156 897 1211 Greg.
931 1156 951 1196 I
978 1158 1047 1200 17.
1082 1158 1156 1206 64,
1193 1151 1269 1212 10)
1302 1169 1455 1210 neque
1490 1155 1731 1196 turibulum
1756 1159 1971 1207 quattuor

263 1231 371 1273 rotis
420 1231 621 1273 innixum
671 1227 801 1285 (Grifi
844 1232 934 1274 tab.
988 1233 1030 1287 6,
1066 1228 1233 1285 2s3)²:
1285 1243 1404 1284 quae
1455 1230 1515 1272 ad
1557 1228 1720 1272 seriem
1779 1241 1971 1282 operum

264 1318 513 1348 aeneorum
547 1306 773 1361 pertinent
824 1305 1092 1347 animalibus
1127 1306 1377 1347 admodum
1409 1304 1598 1346 exilibus
1655 1309 1792 1359 atque
1826 1303 1969 1358 pedes

264 1381 436 1436 priores
473 1380 748 1434 erigentibus
783 1380 1059 1436 insignitam,
1110 1381 1267 1435 quales
1315 1379 1508 1422 laminae
1542 1386 1648 1421 sunt
1682 1379 1798 1421 Mus.
1833 1378 1970 1432 Greg.

263 1454 282 1496 I
307 1455 410 1507 38,7
429 1452 464 1505 3,
499 1467 678 1497 necnon
702 1455 881 1497 turibuli
905 1454 1058 1497 similis
1082 1461 1131 1497 ut
1161 1455 1343 1497 uidetur
1365 1467 1477 1497 ansa
1507 1454 1803 1497 Praenestina
1826 1451 1968 1509 (Mon.

265 1529 327 1570 XI
362 1529 403 1579 2,
440 1525 516 1585 9):
569 1542 686 1584 quae
721 1530 875 1572 omnia
927 1530 1125 1572 eandem
1176 1536 1319 1571 artem
1354 1529 1557 1572 Ionicam
1605 1543 1715 1584 prae
1757 1542 1805 1571 se
1856 1528 1970 1570 ferre

264 1603 449 1658 singulis
484 1603 752 1645 animalibus
792 1604 1060 1646 examinatis
1098 1610 1302 1660 apparet.
1353 1604 1518 1647 etenim
1552 1605 1707 1647 leones
1759 1603 1873 1646 iubis
1908 1604 1971 1646 ad

264 1679 459 1721 caudam
490 1680 718 1734 protensis
753 1679 898 1721 ornati
933 1679 1203 1735 linguasque
1236 1679 1512 1735 proicientes
1547 1680 1678 1734 (Grifi
1714 1680 1804 1723 tab.
1840 1676 1887 1733 6)
1924 1679 1970 1720 in

263 1741 407 1796 urceo
423 1753 712 1796 Chalcidensi
734 1753 1023 1797 Caroliruhae
1044 1756 1288 1797 adseruato
1312 1756 1421 1807 (527
1442 1752 1779 1810 Schumacher),
1792 1767 1971 1796 necnon

263 1828 308 1870 in
341 1827 439 1870 aliis
481 1829 693 1884 operibus
727 1829 907 1880 Ionicis,
961 1830 1019 1872 de
1054 1830 1216 1885 quibus
1264 1830 1379 1872 infra
1413 1836 1582 1885 agetur,
1632 1830 1740 1872 alati
1789 1842 1969 1885 quoque

263 1903 506 1955 interdum,
556 1910 811 1960 occurrunt,
861 1905 953 1959 lupi
987 1905 1059 1946 uel
1111 1918 1250 1947 canes
1285 1905 1411 1947 aurei
1456 1906 1530 1961 qui
1584 1905 1795 1947 dicuntur
1827 1904 1968 1962 (Mus.

266 1979 401 2035 Greg.
422 1979 441 2021 1
465 1974 542 2035 17)
565 1979 611 2021 in
634 1980 781 2022 urceis
810 1980 973 2023 Ionicis
994 1994 1021 2024 a
1044 1980 1337 2023 Duemmlero
1361 1979 1473 2034 (RM
1508 1981 1549 2022 II
1586 1982 1671 2024 192
1698 1994 1763 2023 nr.
1802 1981 1871 2035 18.
1893 1976 1967 2035 19)

264 2055 535 2097 enumeratis
582 2060 627 2098 et
660 2055 707 2097 in
741 2062 1011 2098 ornamento
1046 2069 1185 2099 aureo
1219 2055 1557 2098 Vettersfeldae
1599 2064 1779 2111 reperto
1817 2054 1968 2110 (Furt-

264 2130 490 2184 w-aengler
520 2129 676 2173 Goldf.
711 2128 901 2174 vjVett.
923 2144 968 2186 p.
995 2132 1052 2174 23
1069 2132 1158 2174 tab.
1184 2128 1247 2186 2).
1284 2132 1513 2173 accedunt
1546 2131 1649 2185 equi
1669 2131 1967 2180 exsultantes,

265 2204 370 2246 ibex
403 2204 563 2259 alatus,
615 2205 662 2246 in
709 2206 1012 2249 monumentis
1061 2206 1252 2261 Assyriis
1307 2220 1399 2248 non
1437 2219 1562 2248 rarus
1578 2203 1610 2260 4,
1663 2206 1819 2247 leones
1863 2205 1967 2247 uiris

265 2279 439 2334 uirique
470 2268 678 2320 leonibus
702 2279 818 2321 binis
852 2280 1038 2322 arrectis
1072 2281 1341 2336 interpositi,
1383 2281 1460 2336 qui
1493 2287 1537 2323 et
1566 2281 1651 2336 ipsi
1685 2294 1741 2322 ex
1775 2281 1968 2336 Assyriis

266 2353 477 2408 operibus
510 2354 730 2409 pendent,
781 2354 980 2409 denique
1024 2355 1201 2410 palmae
1250 2356 1423 2398 uarium
1459 2356 1504 2398 in
1553 2357 1742 2399 modum
1793 2355 1967 2399 confor-

412 2525 428 2553 1
458 2528 673 2567 Caroliruh.
703 2528 781 2567 697
800 2545 846 2562 =
863 2530 1109 2567 Baumeister
1135 2532 1307 2570 Denkm,
1329 2532 1393 2578 fig.
1414 2530 1531 2570 2250.
1559 2532 1818 2580 Neapolitana
1838 2533 1969 2569 Rubis

264 2598 376 2630 eruta
402 2593 585 2642 (Fiorelli
612 2595 706 2631 armi
736 2599 812 2634 ant.
842 2607 897 2634 nr.
929 2594 1009 2645 10).

413 2656 431 2684 2
457 2660 569 2696 flores
598 2661 740 2709 quibus
771 2666 930 2698 ornatur
971 2675 1128 2711 prorsus
1166 2669 1387 2710 congruunt
1415 2676 1501 2701 cum
1546 2664 1727 2713 operculo
1758 2665 1968 2713 amphorae

263 2726 560 2762 Vetuloniensis
589 2728 882 2764 uetustissimae
914 2740 934 2764 e
962 2729 1118 2765 laminis
1149 2730 1278 2766 aeneis
1298 2731 1526 2766 coniunctae
1556 2731 1671 2778 (Not.
1704 2731 1741 2767 d.
1771 2730 1833 2767 Sc.
1865 2729 1968 2768 1887

262 2791 343 2829 tab.
375 2789 458 2840 15):
487 2796 604 2840 atque
634 2792 727 2829 item
757 2803 844 2829 eum
872 2794 1073 2843 operculis
1103 2794 1440 2843 splendidioribus
1471 2794 1581 2845 (Not.
1612 2795 1650 2833 d.
1671 2795 1733 2833 Sc.
1765 2793 1867 2833 1887
1888 2795 1968 2832 tab.

264 2855 326 2900 16,
355 2856 380 2895 8
409 2861 448 2893 et
474 2855 599 2901 1894,
618 2856 716 2907 353)
744 2870 864 2895 unum
893 2860 1108 2907 comparari
1127 2864 1259 2907 potest
1281 2860 1537 2896 Caeretanum
1567 2861 1670 2898 Mus.
1701 2861 1820 2907 Greg.
1856 2862 1876 2896 I
1905 2861 1969 2901 16.

411 2918 427 2945 ³
453 2923 557 2961 Mus.
578 2923 694 2970 Greg.
722 2924 742 2959 I
767 2922 830 2969 38,
861 2923 885 2962 8
914 2925 1121 2961 Etruscum
1160 2937 1245 2963 esse
1272 2926 1437 2964 uidetur.
1481 2926 1527 2963 cf
1557 2926 1673 2963 etiam
1702 2926 1873 2963 tabellas
1903 2926 1969 2963 fic-

261 2987 355 3025 tiles
385 2988 612 3037 anaglyptas
642 2990 839 3034 Etruscas,
871 3002 970 3039 quae
998 2991 1228 3028 Mannhemi
1256 2993 1517 3038 adseruantur,
1555 2992 1968 3038 AAnz.1890‚152.

408 3051 427 3078 4
456 3052 591 3091 Perrot
623 3056 665 3090 II
693 3054 772 3093 610
801 3054 857 3103 (V
887 3055 996 3103 853):
1040 3058 1088 3095 cf.
1133 3069 1244 3094 ansas
1287 3058 1380 3093 duas
1422 3057 1630 3106 amphorae
1673 3058 1967 3106 pulcherrimas,

263 3120 356 3156 artis
383 3121 641 3160 Persicae.ex
669 3122 806 3158 Ionica
824 3123 1045 3174 pendentis,
1067 3123 1237 3171 “quarum
1258 3123 1377 3161 altera
1399 3123 1586 3174 Berolini,
1612 3124 1734 3162 altera
1760 3125 1801 3162 in
1831 3138 1967 3163 museo
2013 3130 2017 3133 “

260 3185 600 3233 Tyskiewicziano
628 3188 855 3224 adseruatur
883 3187 1004 3236 (Coll.
1032 3189 1152 3236 Tysk.
1181 3188 1238 3238 3).
