2168 3573
976 214 1209 252 ...6.-

239 349 386 399 alatis,
438 349 740 403 hippocampo
790 353 972 389 ornatas
1022 346 1170 398 (Mon.
1207 353 1299 390 ant.
1337 345 1406 389 IV
1438 347 1533 389 tab.
1569 348 1612 402 6,
1648 345 1775 399 2..3)
1826 346 1948 388 duae

238 423 448 479 imprimis
483 423 807 465 memorandae
842 427 979 465 sunt:

388 501 427 542 1.
489 497 753 554 Oruietana,
789 509 912 538 nunc
946 497 1212 539 Florentina
1245 492 1369 554 (Not.
1407 498 1452 541 d.
1486 472 1555 540 Sc.
1594 491 1784 554 1883l4,
1819 493 1947 552 338),
1995 494 1997 496 ’

236 574 283 615 in
317 587 406 628 qua
439 572 676 628 chimaera,
723 572 791 614 uir
823 571 1044 629 hastatus,
1077 572 1314 629 panthera,
1350 586 1493 629 equus
1524 573 1672 615 alatus
1706 571 1948 627 compositi
1996 589 2006 630 j
2065 571 2161 637 qk-sss

237 655 356 706 sunt,
390 648 452 691 ita
486 654 534 690 ut
569 647 748 690 fabulae
784 646 1192 704 Bellerophonteae
1225 648 1377 704 imago
1414 648 1616 690 euadere
1649 647 1876 690 uideatur.
1938 694 1943 706 ,γ
2008 677 2012 679 «
2078 655 2093 675 ⁸

385 725 424 766 2.
493 723 578 763 olla
623 735 789 776 magna
832 722 956 764 Veiis
1006 729 1188 777 reperta
1207 719 1237 776 ¹,
1300 723 1586 778 prouectiore
1633 723 1722 764 iam
1769 723 1947 764 ratione
1980 775 1984 779 Δ

236 804 418 853 ornata,
451 810 553 839 cum
587 797 631 837 in
665 794 904 852 superiore
932 797 1104 838 uentris
1135 803 1267 851 parte
1292 798 1431 840 costis
1465 797 1657 840 duabus
1677 794 1810 840 rectis
1831 809 1949 839 zona
1979 817 1981 819 >

236 873 398 914 effecta
420 871 492 920 sit,
527 884 646 926 quae
667 872 784 913 striis
808 872 1257 927 perpendicularibus
1279 872 1326 914 in
1351 877 1567 927 quattuor
1588 871 1719 926 quasi
1739 877 1947 927 metopas
1973 900 1976 903 -

235 945 465 987 diuiditur.
523 959 713 1000 quarum
762 948 906 1001 prima
940 947 1118 1002 pugiles
1168 948 1286 989 duos
1340 947 1503 989 tunicis
1553 946 1766 989 breuibus
1800 943 1949 1001 (cuius
2002 938 2010 1008 ζ

232 1021 425 1075 uestigia
457 1020 502 1062 in
541 1019 1004 1078 lacertisapparent)
1038 1022 1228 1065 indutos
1264 1021 1465 1072 exhibet,
1500 1022 1616 1065 inter
1649 1034 1764 1077 quos
1797 1021 1948 1078 tripuS‚
2015 1047 2018 1050 ·

233 1096 481 1151 praemium
531 1097 804 1154 certaminis,
857 1111 1100 1154 expressus
1137 1105 1232 1142 est:
1267 1099 1339 1141 cui
1370 1098 1556 1154 imagini
1604 1097 1853 1140 simillimae
1901 1096 1948 1138 in

235 1172 375 1214 situlis
389 1172 622 1226 Euganeis
648 1180 918 1216 occurrunt:
946 1174 1129 1216 additur
1151 1180 1390 1230 praeterea
1403 1179 1720 1234 ornamentum
1741 1171 1947 1222 informe,

233 1261 323 1303 quo
343 1260 606 1302 cupressum
616 1249 868 1303 exprimere
884 1249 1039 1304 figulus
1056 1249 1286 1291 studuisse
1299 1249 1495 1292 uidetur.
1518 1248 1716 1302 reliquae
1734 1253 1947 1302 metopae
1993 1238 1996 1241 ’

234 1321 444 1365 animalia
476 1323 583 1365 bina
617 1324 689 1366 uel
724 1330 855 1367 terna
888 1324 1121 1381 exhibent,
1150 1325 1311 1385 leones
1346 1337 1475 1366 crura
1504 1323 1717 1379 humana,
1753 1306 1947 1378 panthe-

235 1410 329 1438 ram
387 1409 596 1452 capream
630 1404 681 1439 ut
733 1400 918 1440 uidetur
968 1399 1259 1453 deuorantes,
1309 1392 1508 1446 ceruum,
1557 1410 1741 1453 equum,
1798 1409 1948 1447 auem,

234 1471 474 1527 sphingem
530 1473 781 1526 barbatam,
847 1486 1035 1529 grypem
1089 1478 1235 1514 rostro
1290 1478 1448 1527 aperto
1504 1471 1655 1514 cibum
1715 1470 1947 1526 quendam

231 1553 463 1588 tenentem
482 1545 513 1590 ².
571 1548 831 1590 animalium
882 1560 1075 1602 corpora
1132 1547 1225 1588 fere
1281 1547 1485 1589 omnium
1539 1545 1694 1601 fascia,
1743 1546 1805 1587 de
1853 1557 1943 1600 qua

230 1635 364 1679 supra
396 1621 570 1665 dictum
606 1628 691 1680 est,
739 1621 961 1678 panthera
1016 1628 1062 1665 et
1095 1622 1166 1664 leo
1200 1621 1416 1679 gradiens
1460 1634 1586 1664 armo
1621 1626 1668 1663 et
1692 1619 1937 1676 suffragine

232 1698 447 1753 spirarum
496 1698 542 1740 in
576 1699 777 1754 speciem
824 1698 1119 1741 conformatis
1155 1704 1388 1741 ornantur.
1434 1704 1674 1753 praeterea
1722 1696 1946 1753 palmulae

229 1773 275 1814 in
318 1786 481 1829 campo
536 1774 783 1827 adduntur,
821 1780 879 1825 et,
927 1773 974 1816 ni
1024 1773 1170 1824 fallor,
1218 1773 1398 1829 palmae
1443 1778 1547 1828 post
1592 1772 1846 1828 pantherae
1899 1778 1948 1814 et

233 1848 337 1904 equi
370 1854 497 1904 terga
548 1849 876 1904 agnoscendae
912 1855 1030 1906 sunt,
1080 1849 1293 1904 quoniam
1326 1850 1420 1891 alas
1453 1849 1567 1892 haec
1600 1861 1765 1891 uocare
1800 1848 1943 1891 altera

230 1931 372 1979 parte,
406 1937 526 1980 quae
560 1924 643 1966 sub
677 1924 883 1966 animalis
914 1937 1104 1979 corpore
1139 1930 1345 1980 apparet,
1381 1920 1602 1968 uetamur.
1639 1924 1755 1966 haec
1789 1923 1944 1967 omnia

230 2004 328 2039 arte
360 1999 612 2039 admodum
646 1999 749 2040 rudi
802 2005 940 2053 atque
971 1999 1144 2041 inculta
1188 2011 1402 2054 expressa
1436 1992 1568 2052 sunt,
1611 2011 1712 2040 cum
1761 1998 1944 2053 picturis

230 2072 498 2116 Veientibus
531 2072 727 2128 (Canina
761 2073 881 2116 Veio
915 2074 1007 2118 tab.
1046 2071 1126 2128 31)
1159 2073 1374 2129 imprimis
1409 2074 1731 2129 comparanda.
1764 2074 1824 2116 de
1855 2073 1945 2116 sin-

229 2149 346 2202 gulis
382 2161 492 2190 uero
528 2149 790 2191 animalium
822 2150 942 2206 typis
974 2148 1090 2192 infra
1124 2149 1371 2192 dicendum
1404 2149 1500 2192 erit.
1698 2140 1707 2145 '⁵

378 2222 479 2267 VII.
532 2223 699 2266 Vltimo
746 2224 848 2267 loco
886 2224 1078 2268 formam
1129 2225 1328 2268 omnium
1375 2224 1469 2267 fere
1512 2225 1865 2279 uetustissimam
1897 2224 1947 2268 et

230 2299 363 2340 huius
419 2299 526 2341 artis
581 2313 690 2354 prae
745 2301 908 2343 ceteris
963 2302 1191 2356 propriam
1247 2315 1390 2357 pono,
1447 2314 1606 2342 urnam
1663 2300 1765 2342 dico
1822 2314 1941 2356 quae

228 2388 398 2417 nomen
433 2389 460 2417 a
482 2374 728 2418 Villanoua
764 2376 866 2419 uico
901 2383 1141 2433 acceptum
1175 2377 1261 2420 toti
1296 2377 1428 2419 classi
1464 2377 1738 2420 transmisit:
1775 2376 1944 2419 etenim

230 2462 350 2504 quae
384 2449 494 2491 noui
528 2450 737 2505 exempla
770 2451 921 2505 figuris
956 2458 1117 2494 ornata
1154 2453 1261 2507 duo,
1316 2451 1466 2494 Narce
1500 2456 1630 2494 eruta
1665 2447 1810 2506 (Mon.
1846 2456 1944 2507 ant.

229 2523 296 2566 IV
322 2521 487 2579 290l1)
505 2531 825 2567 senescentem
849 2526 939 2568 iam
960 2532 1104 2569 artem
1122 2532 1260 2582 atque
1284 2528 1646 2582 degenerantem
1664 2531 1942 2569 monstrant:

384 2601 424 2642 1.
460 2599 506 2641 in
542 2599 657 2642 collo
693 2600 797 2655 equi
830 2606 919 2642 tres
954 2602 1071 2652 alati,
1106 2602 1150 2643 in
1185 2614 1374 2657 corpore
1407 2601 1644 2651 maeandri
1678 2614 1808 2646 zona.
1851 2603 1855 2606 ’

379 2675 422 2717 2.
472 2674 519 2716 in
571 2675 688 2717 collo
738 2676 806 2717 uir
860 2676 1068 2730 galeatus
1122 2683 1169 2719 et
1217 2677 1430 2720 loricatus
1480 2672 1571 2733 (uel
1614 2676 1770 2720 tunica
1806 2676 1944 2720 ‘breui

227 2746 433 2808 indutus)
466 2751 762 2808 gladiumque
797 2757 957 2795 tenens
1009 2753 1125 2796 inter
1158 2753 1314 2796 leones
1363 2754 1479 2796 duos
1513 2753 1747 2808 aduersos,
1798 2753 1844 2796 in
1877 2753 1942 2803 in-
1972 2758 1980 2779 ·’

226 2826 389 2869 feriore
438 2827 611 2869 uentris
662 2841 780 2870 zona
829 2828 1076 2870 simillimus
1127 2829 1194 2870 uir
1227 2814 1344 2871 inter
1394 2842 1579 2872 auersos
1632 2830 1788 2872 leones
1821 2830 1939 2872 duos

227 2909 428 2960 apparet,
466 2916 569 2945 cum
605 2903 812 2958 superior
847 2903 1018 2946 uentris
1061 2917 1177 2946 zona
1229 2917 1371 2960 equos
1403 2910 1617 2960 quattuor
1655 2905 1942 2947 dextrorsum

384 3060 400 3089 ¹
427 3065 659 3114 Campanari
689 3066 787 3103 Vasi
816 3067 858 3103 di
887 3067 991 3103 Veio
1022 3068 1100 3106 tab.
1132 3068 1163 3105 Ι.

371 3128 389 3155 2
416 3132 553 3168 similis
581 3144 696 3181 gryps
725 3133 766 3169 in
793 3134 943 3181 pictura
964 3134 1235 3182 antiquissima
1266 3134 1428 3171 Clusina
1458 3146 1544 3171 cum
1575 3134 1811 3171 Veientibus
1845 3145 1940 3171 con-

220 3196 422 3243 iungenda
450 3195 571 3247 (Bull.
606 3196 720 3248 1875,
750 3196 846 3248 225)
877 3199 1054 3238 occurrit.
