<?xml version="1.0" encoding="UTF-8"?>
<!DOCTYPE html PUBLIC "-//W3C//DTD XHTML 1.0 Transitional//EN"
    "http://www.w3.org/TR/xhtml1/DTD/xhtml1-transitional.dtd">
<html xmlns="http://www.w3.org/1999/xhtml" xml:lang="en" lang="en">
 <head>
  <title>
</title>
<meta http-equiv="Content-Type" content="text/html;charset=utf-8" />
  <meta name='ocr-system' content='tesseract 3.04.00' />
  <meta name='ocr-capabilities' content='ocr_page ocr_carea ocr_par ocr_line ocrx_word'/>
</head>
<body>
  <div class='ocr_page' id='page_1' title='image "./4626155_0016.png"; bbox 0 0 2168 3573; ppageno 0'>
   <div class='ocr_carea' id='block_1_1' title="bbox 0 0 322 427">
    <p class='ocr_par' dir='ltr' id='par_1_1' title="bbox 0 0 322 427">
     <span class='ocr_line' id='line_1_1' title="bbox 0 0 322 427; baseline 0 0"><span class='ocrx_word' id='word_1_1' title='bbox 0 0 322 427; x_wconf 95' lang='lat' dir='ltr'><strong>   </strong></span> 
     </span>
    </p>
   </div>
   <div class='ocr_carea' id='block_1_2' title="bbox 1008 201 1244 240">
    <p class='ocr_par' dir='ltr' id='par_1_2' title="bbox 1008 201 1244 240">
     <span class='ocr_line' id='line_1_2' title="bbox 1008 201 1244 240; baseline -0.004 -11"><span class='ocrx_word' id='word_1_2' title='bbox 1008 201 1244 240; x_wconf 78' lang='grc'>...7.-</span> 
     </span>
    </p>
   </div>
   <div class='ocr_carea' id='block_1_3' title="bbox 196 330 1978 387">
    <p class='ocr_par' dir='ltr' id='par_1_3' title="bbox 196 330 1978 387">
     <span class='ocr_line' id='line_1_3' title="bbox 196 330 1978 387; baseline -0.003 -10"><span class='ocrx_word' id='word_1_3' title='bbox 196 340 202 343; x_wconf 12' lang='grc' dir='ltr'>χ</span> <span class='ocrx_word' id='word_1_4' title='bbox 267 347 517 377; x_wconf 88' lang='lat' dir='ltr'><strong>conuersos</strong></span> <span class='ocrx_word' id='word_1_5' title='bbox 550 334 776 384; x_wconf 86' lang='lat' dir='ltr'>exhibeat,</span> <span class='ocrx_word' id='word_1_6' title='bbox 826 333 1105 375; x_wconf 83' lang='lat' dir='ltr'><strong>ornamentis</strong></span> <span class='ocrx_word' id='word_1_7' title='bbox 1159 333 1393 387; x_wconf 84' lang='lat' dir='ltr'><strong>triangulis</strong></span> <span class='ocrx_word' id='word_1_8' title='bbox 1429 332 1612 373; x_wconf 88' lang='lat' dir='ltr'><strong>diuisos.</strong></span> <span class='ocrx_word' id='word_1_9' title='bbox 1655 343 1788 385; x_wconf 70' lang='lat' dir='ltr'><strong>‘quae</strong></span> <span class='ocrx_word' id='word_1_10' title='bbox 1823 330 1978 372; x_wconf 89' lang='lat' dir='ltr'><strong>omnia</strong></span> 
     </span>
    </p>
   </div>
   <div class='ocr_carea' id='block_1_4' title="bbox 266 407 1975 462">
    <p class='ocr_par' dir='ltr' id='par_1_4' title="bbox 90 390 1975 462">
     <span class='ocr_line' id='line_1_4' title="bbox 266 407 1975 462; baseline 0.014 -11.572"><span class='ocrx_word' id='word_1_11' title='bbox 266 408 374 453; x_wconf 87' lang='lat' dir='ltr'><strong>licet</strong></span> <span class='ocrx_word' id='word_1_12' title='bbox 396 415 548 452; x_wconf 86' lang='lat' dir='ltr'><strong>artem.</strong></span> <span class='ocrx_word' id='word_1_13' title='bbox 571 415 825 451; x_wconf 83' lang='lat' dir='ltr'><strong>monstrent</strong></span> <span class='ocrx_word' id='word_1_14' title='bbox 848 408 1008 450; x_wconf 88' lang='lat' dir='ltr'><strong>rudem</strong></span> <span class='ocrx_word' id='word_1_15' title='bbox 1041 414 1087 450; x_wconf 88' lang='lat' dir='ltr'><strong>et</strong></span> <span class='ocrx_word' id='word_1_16' title='bbox 1112 408 1186 450; x_wconf 83' lang='lat' dir='ltr'><strong>uix</strong></span> <span class='ocrx_word' id='word_1_17' title='bbox 1208 408 1390 450; x_wconf 87' lang='lat' dir='ltr'><strong>nomine</strong></span> <span class='ocrx_word' id='word_1_18' title='bbox 1415 407 1613 462; x_wconf 72' lang='lat' dir='ltr'><strong>dignam,</strong></span> <span class='ocrx_word' id='word_1_19' title='bbox 1648 413 1802 448; x_wconf 66' lang='lat' dir='ltr'>tamen</span> <span class='ocrx_word' id='word_1_20' title='bbox 1834 419 1975 461; x_wconf 68' lang='lat' dir='ltr'><strong>quam</strong></span> 
     </span>
    </p>
   </div>
   <div class='ocr_carea' id='block_1_5' title="bbox 220 482 1976 622">
    <p class='ocr_par' dir='ltr' id='par_1_5' title="bbox 220 482 1976 622">
     <span class='ocr_line' id='line_1_5' title="bbox 220 482 1976 539; baseline -0.002 -14"><span class='ocrx_word' id='word_1_21' title='bbox 220 483 450 526; x_wconf 54' lang='lat' dir='ltr'><strong>”maximi</strong></span> <span class='ocrx_word' id='word_1_22' title='bbox 489 484 708 527; x_wconf 85' lang='lat' dir='ltr'><strong>momenti</strong></span> <span class='ocrx_word' id='word_1_23' title='bbox 740 490 859 534; x_wconf 89' lang='lat' dir='ltr'><strong>sunt,</strong></span> <span class='ocrx_word' id='word_1_24' title='bbox 897 483 1111 539; x_wconf 86' lang='lat' dir='ltr'><strong>quoniam</strong></span> <span class='ocrx_word' id='word_1_25' title='bbox 1145 483 1317 538; x_wconf 76' lang='lat' dir='ltr'><strong>figurae</strong></span> <span class='ocrx_word' id='word_1_26' title='bbox 1353 483 1509 524; x_wconf 92' lang='lat' dir='ltr'><strong>binis</strong></span> <span class='ocrx_word' id='word_1_27' title='bbox 1556 482 1725 524; x_wconf 88' lang='lat' dir='ltr'><strong>lineis</strong></span> <span class='ocrx_word' id='word_1_28' title='bbox 1776 487 1976 537; x_wconf 88' lang='lat' dir='ltr'><strong>postea</strong></span> 
     </span>
     <span class='ocr_line' id='line_1_6' title="bbox 241 557 1975 622; baseline -0.002 -21"><span class='ocrx_word' id='word_1_29' title='bbox 241 560 500 622; x_wconf 67' lang='lat' dir='ltr'><strong>⁴punctis</strong></span> <span class='ocrx_word' id='word_1_30' title='bbox 549 561 798 616; x_wconf 89' lang='lat' dir='ltr'><strong>expletis</strong></span> <span class='ocrx_word' id='word_1_31' title='bbox 847 573 1091 615; x_wconf 82' lang='lat' dir='ltr'>expressae</span> <span class='ocrx_word' id='word_1_32' title='bbox 1140 566 1272 604; x_wconf 86' lang='lat' dir='ltr'><strong>sunt:</strong></span> <span class='ocrx_word' id='word_1_33' title='bbox 1321 570 1456 615; x_wconf 91' lang='lat' dir='ltr'><strong>quam</strong></span> <span class='ocrx_word' id='word_1_34' title='bbox 1509 558 1702 600; x_wconf 86' lang='lat' dir='ltr'><strong>ornandi</strong></span> <span class='ocrx_word' id='word_1_35' title='bbox 1752 557 1975 599; x_wconf 88' lang='lat' dir='ltr'><strong>rationem</strong></span> 
     </span>
    </p>
   </div>
   <div class='ocr_carea' id='block_1_6' title="bbox 181 629 1798 692">
    <p class='ocr_par' dir='ltr' id='par_1_6' title="bbox 181 629 1798 692">
     <span class='ocr_line' id='line_1_7' title="bbox 181 629 1798 692; baseline -0.001 -16"><span class='ocrx_word' id='word_1_36' title='bbox 181 646 186 648; x_wconf 68' lang='grc'><em>’</em></span> <span class='ocrx_word' id='word_1_37' title='bbox 246 632 331 686; x_wconf 59' lang='lat' dir='ltr'><strong>[ad</strong></span> <span class='ocrx_word' id='word_1_38' title='bbox 364 636 637 692; x_wconf 87' lang='lat' dir='ltr'><strong>exemplaria</strong></span> <span class='ocrx_word' id='word_1_39' title='bbox 669 649 816 680; x_wconf 87' lang='lat' dir='ltr'><strong>aenea</strong></span> <span class='ocrx_word' id='word_1_40' title='bbox 849 635 1136 679; x_wconf 82' lang='lat' dir='ltr'>referendam</span> <span class='ocrx_word' id='word_1_41' title='bbox 1171 648 1276 678; x_wconf 88' lang='lat' dir='ltr'><strong>esse</strong></span> <span class='ocrx_word' id='word_1_42' title='bbox 1308 634 1427 677; x_wconf 89' lang='lat' dir='ltr'><strong>infra</strong></span> <span class='ocrx_word' id='word_1_43' title='bbox 1461 648 1743 692; x_wconf 83' lang='lat' dir='ltr'>exponemus</span> <span class='ocrx_word' id='word_1_44' title='bbox 1764 629 1798 675; x_wconf 86' lang='lat'><strong>¹.</strong></span> 
     </span>
    </p>
   </div>
   <div class='ocr_carea' id='block_1_7' title="bbox 0 427 160 993">
    <p class='ocr_par' dir='ltr' id='par_1_7' title="bbox 0 427 160 993">
     <span class='ocr_line' id='line_1_8' title="bbox 0 427 160 993; baseline 0 2580"><span class='ocrx_word' id='word_1_45' title='bbox 0 427 160 993; x_wconf 95' lang='lat' dir='ltr'><strong> </strong></span> 
     </span>
    </p>
   </div>
   <div class='ocr_carea' id='block_1_8' title="bbox 0 3341 232 3573">
    <p class='ocr_par' dir='ltr' id='par_1_8' title="bbox 0 3341 232 3573">
     <span class='ocr_line' id='line_1_9' title="bbox 0 3341 232 3573; baseline 0 0"><span class='ocrx_word' id='word_1_46' title='bbox 0 3341 232 3573; x_wconf 95' lang='lat' dir='ltr'><strong> </strong></span> 
     </span>
    </p>
   </div>
   <div class='ocr_carea' id='block_1_9' title="bbox 456 764 1790 874">
    <p class='ocr_par' dir='ltr' id='par_1_9' title="bbox 456 764 1790 874">
     <span class='ocr_line' id='line_1_10' title="bbox 456 764 1790 874; baseline -0.001 -22"><span class='ocrx_word' id='word_1_47' title='bbox 456 764 529 852; x_wconf 22' lang='lat' dir='ltr'><strong>l&#39;l.</strong></span> <span class='ocrx_word' id='word_1_48' title='bbox 564 803 639 853; x_wconf 82' lang='lat' dir='ltr'><strong>De</strong></span> <span class='ocrx_word' id='word_1_49' title='bbox 663 804 808 874; x_wconf 75' lang='lat' dir='ltr'><strong>uasis</strong></span> <span class='ocrx_word' id='word_1_50' title='bbox 841 805 1018 866; x_wconf 83' lang='lat' dir='ltr'><strong>nigris</strong></span> <span class='ocrx_word' id='word_1_51' title='bbox 1051 777 1356 867; x_wconf 71' lang='lat' dir='ltr'><strong>anaglyptis</strong></span> <span class='ocrx_word' id='word_1_52' title='bbox 1391 804 1790 853; x_wconf 81' lang='lat' dir='ltr'><strong>uetustissimis.</strong></span> 
     </span>
    </p>
   </div>
   <div class='ocr_carea' id='block_1_10' title="bbox 267 897 1977 2543">
    <p class='ocr_par' dir='ltr' id='par_1_10' title="bbox 267 897 1977 2543">
     <span class='ocr_line' id='line_1_11' title="bbox 416 897 1969 965; baseline 0 -15"><span class='ocrx_word' id='word_1_53' title='bbox 416 908 624 951; x_wconf 89' lang='lat' dir='ltr'><strong>Vidimus</strong></span> <span class='ocrx_word' id='word_1_54' title='bbox 675 915 818 951; x_wconf 89' lang='lat' dir='ltr'><strong>artem</strong></span> <span class='ocrx_word' id='word_1_55' title='bbox 853 897 1091 951; x_wconf 81' lang='lat' dir='ltr'><strong>Etruscam</strong></span> <span class='ocrx_word' id='word_1_56' title='bbox 1125 908 1426 965; x_wconf 85' lang='lat' dir='ltr'><strong>antiquiorem</strong></span> <span class='ocrx_word' id='word_1_57' title='bbox 1474 922 1594 952; x_wconf 80' lang='lat' dir='ltr'><strong>saec,</strong></span> <span class='ocrx_word' id='word_1_58' title='bbox 1629 909 1731 952; x_wconf 91' lang='lat' dir='ltr'>VII.</span> <span class='ocrx_word' id='word_1_59' title='bbox 1774 916 1969 952; x_wconf 84' lang='lat' dir='ltr'><strong>exeunte</strong></span> 
     </span>
     <span class='ocr_line' id='line_1_12' title="bbox 270 982 1974 1040; baseline 0.001 -15"><span class='ocrx_word' id='word_1_60' title='bbox 270 983 378 1026; x_wconf 89' lang='lat' dir='ltr'><strong>artis</strong></span> <span class='ocrx_word' id='word_1_61' title='bbox 416 982 622 1026; x_wconf 84' lang='lat' dir='ltr'>Graecae</span> <span class='ocrx_word' id='word_1_62' title='bbox 672 984 885 1040; x_wconf 88' lang='lat' dir='ltr'><strong>operibus</strong></span> <span class='ocrx_word' id='word_1_63' title='bbox 935 983 1184 1039; x_wconf 86' lang='lat' dir='ltr'><strong>importatis</strong></span> <span class='ocrx_word' id='word_1_64' title='bbox 1238 996 1404 1026; x_wconf 90' lang='lat' dir='ltr'><strong>nouum</strong></span> <span class='ocrx_word' id='word_1_65' title='bbox 1454 983 1673 1039; x_wconf 89' lang='lat' dir='ltr'><strong>impetum</strong></span> <span class='ocrx_word' id='word_1_66' title='bbox 1728 985 1974 1040; x_wconf 84' lang='lat' dir='ltr'><strong>accepisse,</strong></span> 
     </span>
     <span class='ocr_line' id='line_1_13' title="bbox 270 1059 1975 1114; baseline 0.002 -15"><span class='ocrx_word' id='word_1_67' title='bbox 270 1065 409 1114; x_wconf 90' lang='lat' dir='ltr'><strong>atque</strong></span> <span class='ocrx_word' id='word_1_68' title='bbox 450 1072 533 1114; x_wconf 89' lang='lat' dir='ltr'><strong>per</strong></span> <span class='ocrx_word' id='word_1_69' title='bbox 568 1059 753 1114; x_wconf 80' lang='lat' dir='ltr'><strong>aliquod</strong></span> <span class='ocrx_word' id='word_1_70' title='bbox 791 1065 968 1114; x_wconf 90' lang='lat' dir='ltr'><strong>tempus</strong></span> <span class='ocrx_word' id='word_1_71' title='bbox 1001 1065 1231 1101; x_wconf 88' lang='lat' dir='ltr'><strong>certamen</strong></span> <span class='ocrx_word' id='word_1_72' title='bbox 1265 1059 1437 1101; x_wconf 90' lang='lat' dir='ltr'><strong>fortiter</strong></span> <span class='ocrx_word' id='word_1_73' title='bbox 1485 1060 1766 1113; x_wconf 87' lang='lat' dir='ltr'><strong>sustinuisse,</strong></span> <span class='ocrx_word' id='word_1_74' title='bbox 1823 1061 1975 1102; x_wconf 87' lang='lat' dir='ltr'><strong>donec</strong></span> 
     </span>
     <span class='ocr_line' id='line_1_14' title="bbox 267 1133 1967 1191; baseline 0.001 -16"><span class='ocrx_word' id='word_1_75' title='bbox 267 1133 387 1176; x_wconf 84' lang='lat' dir='ltr'><strong>uicta</strong></span> <span class='ocrx_word' id='word_1_76' title='bbox 419 1134 546 1176; x_wconf 88' lang='lat' dir='ltr'><strong>riuali</strong></span> <span class='ocrx_word' id='word_1_77' title='bbox 593 1134 744 1177; x_wconf 89' lang='lat' dir='ltr'><strong>cessit.</strong></span> <span class='ocrx_word' id='word_1_78' title='bbox 800 1147 950 1190; x_wconf 89' lang='lat' dir='ltr'><strong>neque</strong></span> <span class='ocrx_word' id='word_1_79' title='bbox 985 1148 1093 1176; x_wconf 91' lang='lat' dir='ltr'><strong>uero</strong></span> <span class='ocrx_word' id='word_1_80' title='bbox 1128 1147 1241 1177; x_wconf 89' lang='lat' dir='ltr'><strong>uasa</strong></span> <span class='ocrx_word' id='word_1_81' title='bbox 1274 1135 1394 1189; x_wconf 88' lang='lat' dir='ltr'><strong>picta</strong></span> <span class='ocrx_word' id='word_1_82' title='bbox 1444 1140 1579 1191; x_wconf 88' lang='lat' dir='ltr'><strong>atque</strong></span> <span class='ocrx_word' id='word_1_83' title='bbox 1613 1149 1758 1177; x_wconf 86' lang='lat' dir='ltr'><strong>aenea</strong></span> <span class='ocrx_word' id='word_1_84' title='bbox 1792 1142 1967 1177; x_wconf 87' lang='lat' dir='ltr'><strong>tantum</strong></span> 
     </span>
     <span class='ocr_line' id='line_1_15' title="bbox 267 1209 1966 1265; baseline 0.001 -16"><span class='ocrx_word' id='word_1_85' title='bbox 267 1209 314 1250; x_wconf 88' lang='lat' dir='ltr'><strong>in</strong></span> <span class='ocrx_word' id='word_1_86' title='bbox 361 1209 584 1251; x_wconf 84' lang='lat' dir='ltr'><strong>Etruriam</strong></span> <span class='ocrx_word' id='word_1_87' title='bbox 633 1209 708 1250; x_wconf 91' lang='lat' dir='ltr'><strong>illo</strong></span> <span class='ocrx_word' id='word_1_88' title='bbox 757 1223 875 1252; x_wconf 89' lang='lat' dir='ltr'><strong>aeuo</strong></span> <span class='ocrx_word' id='word_1_89' title='bbox 915 1209 1260 1264; x_wconf 82' lang='lat' dir='ltr'><strong>deferebantur,</strong></span> <span class='ocrx_word' id='word_1_90' title='bbox 1316 1211 1400 1251; x_wconf 87' lang='lat' dir='ltr'><strong>sed</strong></span> <span class='ocrx_word' id='word_1_91' title='bbox 1449 1211 1724 1264; x_wconf 83' lang='lat' dir='ltr'><strong>exemplaria</strong></span> <span class='ocrx_word' id='word_1_92' title='bbox 1781 1223 1966 1265; x_wconf 91' lang='lat' dir='ltr'><strong>quoque</strong></span> 
     </span>
     <span class='ocr_line' id='line_1_16' title="bbox 269 1283 1973 1340; baseline 0 -15"><span class='ocrx_word' id='word_1_93' title='bbox 269 1283 448 1326; x_wconf 89' lang='lat' dir='ltr'><strong>Graeca</strong></span> <span class='ocrx_word' id='word_1_94' title='bbox 482 1284 588 1326; x_wconf 90' lang='lat' dir='ltr'><strong>artis</strong></span> <span class='ocrx_word' id='word_1_95' title='bbox 622 1284 734 1326; x_wconf 87' lang='lat' dir='ltr'><strong>illius</strong></span> <span class='ocrx_word' id='word_1_96' title='bbox 771 1285 903 1339; x_wconf 90' lang='lat' dir='ltr'><strong>uulgo</strong></span> <span class='ocrx_word' id='word_1_97' title='bbox 937 1284 1045 1326; x_wconf 91' lang='lat' dir='ltr'><strong>solis</strong></span> <span class='ocrx_word' id='word_1_98' title='bbox 1068 1284 1269 1326; x_wconf 87' lang='lat' dir='ltr'><strong>Etruscis</strong></span> <span class='ocrx_word' id='word_1_99' title='bbox 1304 1285 1513 1334; x_wconf 87' lang='lat' dir='ltr'><strong>tributae,</strong></span> <span class='ocrx_word' id='word_1_100' title='bbox 1548 1298 1666 1340; x_wconf 89' lang='lat' dir='ltr'><strong>quae</strong></span> <span class='ocrx_word' id='word_1_101' title='bbox 1696 1285 1858 1328; x_wconf 84' lang='lat' dir='ltr'><strong>Italico</strong></span> <span class='ocrx_word' id='word_1_102' title='bbox 1893 1298 1973 1326; x_wconf 90' lang='lat' dir='ltr'><strong>no-</strong></span> 
     </span>
     <span class='ocr_line' id='line_1_17' title="bbox 268 1358 1976 1414; baseline 0 -14"><span class='ocrx_word' id='word_1_103' title='bbox 268 1359 390 1401; x_wconf 89' lang='lat' dir='ltr'><strong>mine</strong></span> <span class='ocrx_word' id='word_1_104' title='bbox 425 1358 713 1408; x_wconf 87' lang='lat' dir='ltr'><strong>‚,buccher0“</strong></span> <span class='ocrx_word' id='word_1_105' title='bbox 749 1359 923 1401; x_wconf 90' lang='lat' dir='ltr'><strong>dicitur.</strong></span> <span class='ocrx_word' id='word_1_106' title='bbox 979 1365 1118 1414; x_wconf 88' lang='lat' dir='ltr'><strong>atque</strong></span> <span class='ocrx_word' id='word_1_107' title='bbox 1152 1373 1253 1400; x_wconf 89' lang='lat' dir='ltr'><strong>curn</strong></span> <span class='ocrx_word' id='word_1_108' title='bbox 1288 1360 1357 1401; x_wconf 90' lang='lat' dir='ltr'><strong>his</strong></span> <span class='ocrx_word' id='word_1_109' title='bbox 1396 1360 1563 1401; x_wconf 82' lang='lat' dir='ltr'><strong>ultimis</strong></span> <span class='ocrx_word' id='word_1_110' title='bbox 1596 1360 1811 1414; x_wconf 88' lang='lat' dir='ltr'><strong>imprimis</strong></span> <span class='ocrx_word' id='word_1_111' title='bbox 1845 1361 1976 1401; x_wconf 89' lang='lat' dir='ltr'><strong>annis</strong></span> 
     </span>
     <span class='ocr_line' id='line_1_18' title="bbox 269 1431 1977 1490; baseline 0.001 -16"><span class='ocrx_word' id='word_1_112' title='bbox 269 1433 470 1490; x_wconf 90' lang='lat' dir='ltr'><strong>pluribus</strong></span> <span class='ocrx_word' id='word_1_113' title='bbox 504 1433 614 1475; x_wconf 89' lang='lat' dir='ltr'><strong>locis</strong></span> <span class='ocrx_word' id='word_1_114' title='bbox 641 1446 753 1476; x_wconf 88' lang='lat' dir='ltr'><strong>uasa</strong></span> <span class='ocrx_word' id='word_1_115' title='bbox 774 1433 906 1488; x_wconf 88' lang='lat' dir='ltr'><strong>nigra</strong></span> <span class='ocrx_word' id='word_1_116' title='bbox 940 1433 1144 1476; x_wconf 88' lang='lat' dir='ltr'><strong>Etruscis</strong></span> <span class='ocrx_word' id='word_1_117' title='bbox 1175 1434 1398 1476; x_wconf 88' lang='lat' dir='ltr'><strong>simillima</strong></span> <span class='ocrx_word' id='word_1_118' title='bbox 1431 1431 1613 1489; x_wconf 88' lang='lat' dir='ltr'><strong>reperta</strong></span> <span class='ocrx_word' id='word_1_119' title='bbox 1646 1434 1747 1485; x_wconf 88' lang='lat' dir='ltr'><strong>sint,</strong></span> <span class='ocrx_word' id='word_1_120' title='bbox 1783 1434 1909 1477; x_wconf 91' lang='lat' dir='ltr'><strong>uelut</strong></span> <span class='ocrx_word' id='word_1_121' title='bbox 1932 1435 1977 1476; x_wconf 91' lang='lat' dir='ltr'><strong>in</strong></span> 
     </span>
     <span class='ocr_line' id='line_1_19' title="bbox 271 1505 1974 1564; baseline 0.001 -13"><span class='ocrx_word' id='word_1_122' title='bbox 271 1507 456 1562; x_wconf 79' lang='lat' dir='ltr'><strong>Magna,</strong></span> <span class='ocrx_word' id='word_1_123' title='bbox 475 1506 670 1549; x_wconf 89' lang='lat' dir='ltr'><strong>Graecia</strong></span> <span class='ocrx_word' id='word_1_124' title='bbox 687 1507 718 1558; x_wconf 76' lang='lat'><strong>²,</strong></span> <span class='ocrx_word' id='word_1_125' title='bbox 762 1508 908 1550; x_wconf 79' lang='lat' dir='ltr'><strong>Sicilia</strong></span> <span class='ocrx_word' id='word_1_126' title='bbox 927 1505 959 1564; x_wconf 81' lang='lat'><strong>3,</strong></span> <span class='ocrx_word' id='word_1_127' title='bbox 1009 1508 1118 1550; x_wconf 87' lang='lat' dir='ltr'><strong>Asia</strong></span> <span class='ocrx_word' id='word_1_128' title='bbox 1163 1506 1401 1561; x_wconf 89' lang='lat' dir='ltr'><strong>(Zeitschr.</strong></span> <span class='ocrx_word' id='word_1_129' title='bbox 1449 1509 1476 1551; x_wconf 90' lang='lat' dir='ltr'><strong>f.</strong></span> <span class='ocrx_word' id='word_1_130' title='bbox 1511 1509 1645 1550; x_wconf 87' lang='lat' dir='ltr'><strong>Ethn.</strong></span> <span class='ocrx_word' id='word_1_131' title='bbox 1688 1511 1823 1563; x_wconf 84' lang='lat'>1882,</span> <span class='ocrx_word' id='word_1_132' title='bbox 1877 1511 1974 1562; x_wconf 87' lang='grc'><em>49),</em></span> 
     </span>
     <span class='ocr_line' id='line_1_20' title="bbox 273 1578 1977 1643; baseline 0 -19"><span class='ocrx_word' id='word_1_133' title='bbox 273 1581 440 1624; x_wconf 85' lang='lat' dir='ltr'><strong>Rhodo</strong></span> <span class='ocrx_word' id='word_1_134' title='bbox 474 1578 620 1643; x_wconf 86' lang='lat' dir='ltr'>(BCH</span> <span class='ocrx_word' id='word_1_135' title='bbox 657 1583 790 1636; x_wconf 87' lang='lat'>1888,</span> <span class='ocrx_word' id='word_1_136' title='bbox 825 1579 950 1637; x_wconf 85' lang='lat'>501),</span> <span class='ocrx_word' id='word_1_137' title='bbox 989 1583 1142 1626; x_wconf 88' lang='lat' dir='ltr'><strong>Attica</strong></span> <span class='ocrx_word' id='word_1_138' title='bbox 1175 1579 1284 1638; x_wconf 92' lang='lat' dir='ltr'><strong>(AM</strong></span> <span class='ocrx_word' id='word_1_139' title='bbox 1317 1582 1489 1637; x_wconf 83' lang='lat' dir='ltr'>XVIII,</span> <span class='ocrx_word' id='word_1_140' title='bbox 1527 1581 1632 1638; x_wconf 91' lang='lat'>111)</span> <span class='ocrx_word' id='word_1_141' title='bbox 1668 1583 1739 1634; x_wconf 89' lang='lat' dir='ltr'><strong>al.‚</strong></span> <span class='ocrx_word' id='word_1_142' title='bbox 1797 1583 1855 1624; x_wconf 86' lang='lat' dir='ltr'><strong>de</strong></span> <span class='ocrx_word' id='word_1_143' title='bbox 1890 1583 1977 1624; x_wconf 93' lang='lat' dir='ltr'><strong>ori-</strong></span> 
     </span>
     <span class='ocr_line' id='line_1_21' title="bbox 271 1657 1977 1714; baseline 0.002 -15"><span class='ocrx_word' id='word_1_144' title='bbox 271 1657 378 1713; x_wconf 86' lang='lat' dir='ltr'><strong>gine</strong></span> <span class='ocrx_word' id='word_1_145' title='bbox 411 1657 588 1700; x_wconf 91' lang='lat' dir='ltr'><strong>illorum</strong></span> <span class='ocrx_word' id='word_1_146' title='bbox 622 1658 701 1700; x_wconf 91' lang='lat' dir='ltr'><strong>uiri</strong></span> <span class='ocrx_word' id='word_1_147' title='bbox 736 1658 862 1701; x_wconf 89' lang='lat' dir='ltr'><strong>docti</strong></span> <span class='ocrx_word' id='word_1_148' title='bbox 895 1659 1105 1702; x_wconf 91' lang='lat' dir='ltr'><strong>dubitare</strong></span> <span class='ocrx_word' id='word_1_149' title='bbox 1136 1668 1399 1714; x_wconf 86' lang='lat' dir='ltr'><strong>coeperunt.</strong></span> <span class='ocrx_word' id='word_1_150' title='bbox 1435 1659 1542 1701; x_wconf 89' lang='lat' dir='ltr'><strong>mihi</strong></span> <span class='ocrx_word' id='word_1_151' title='bbox 1575 1659 1760 1714; x_wconf 88' lang='lat' dir='ltr'><strong>quidem</strong></span> <span class='ocrx_word' id='word_1_152' title='bbox 1794 1672 1977 1714; x_wconf 89' lang='lat' dir='ltr'><strong>prorsus</strong></span> 
     </span>
     <span class='ocr_line' id='line_1_22' title="bbox 269 1730 1975 1791; baseline 0.002 -17"><span class='ocrx_word' id='word_1_153' title='bbox 269 1733 487 1789; x_wconf 86' lang='lat' dir='ltr'><strong>probatur</strong></span> <span class='ocrx_word' id='word_1_154' title='bbox 533 1734 762 1776; x_wconf 85' lang='lat' dir='ltr'><strong>sententia</strong></span> <span class='ocrx_word' id='word_1_155' title='bbox 810 1747 947 1790; x_wconf 86' lang='lat' dir='ltr'><strong>quam</strong></span> <span class='ocrx_word' id='word_1_156' title='bbox 994 1734 1251 1791; x_wconf 90' lang='lat' dir='ltr'><strong>Helbigium</strong></span> <span class='ocrx_word' id='word_1_157' title='bbox 1301 1741 1483 1776; x_wconf 86' lang='lat' dir='ltr'><strong>secutus</strong></span> <span class='ocrx_word' id='word_1_158' title='bbox 1517 1735 1795 1777; x_wconf 85' lang='lat' dir='ltr'><strong>Barnabeius</strong></span> <span class='ocrx_word' id='word_1_159' title='bbox 1832 1730 1975 1790; x_wconf 91' lang='lat' dir='ltr'><strong>(Mon.</strong></span> 
     </span>
     <span class='ocr_line' id='line_1_23' title="bbox 272 1806 1977 1866; baseline 0 -14"><span class='ocrx_word' id='word_1_160' title='bbox 272 1815 363 1853; x_wconf 87' lang='lat' dir='ltr'><strong>ant.</strong></span> <span class='ocrx_word' id='word_1_161' title='bbox 398 1809 466 1851; x_wconf 93' lang='lat' dir='ltr'><strong>IV</strong></span> <span class='ocrx_word' id='word_1_162' title='bbox 501 1806 608 1866; x_wconf 85' lang='lat'>293)</span> <span class='ocrx_word' id='word_1_163' title='bbox 641 1810 842 1866; x_wconf 85' lang='lat' dir='ltr'><strong>protulit,</strong></span> <span class='ocrx_word' id='word_1_164' title='bbox 877 1823 989 1852; x_wconf 89' lang='lat' dir='ltr'><strong>uasa</strong></span> <span class='ocrx_word' id='word_1_165' title='bbox 1024 1824 1080 1852; x_wconf 85' lang='lat' dir='ltr'><strong>ex</strong></span> <span class='ocrx_word' id='word_1_166' title='bbox 1113 1811 1268 1865; x_wconf 84' lang='lat' dir='ltr'><strong>argilla</strong></span> <span class='ocrx_word' id='word_1_167' title='bbox 1307 1811 1434 1864; x_wconf 87' lang='lat' dir='ltr'><strong>nigra</strong></span> <span class='ocrx_word' id='word_1_168' title='bbox 1465 1823 1576 1865; x_wconf 88' lang='lat' dir='ltr'><strong>pura</strong></span> <span class='ocrx_word' id='word_1_169' title='bbox 1608 1817 1657 1852; x_wconf 90' lang='lat' dir='ltr'><strong>et</strong></span> <span class='ocrx_word' id='word_1_170' title='bbox 1691 1811 1861 1865; x_wconf 91' lang='lat' dir='ltr'><strong>optime</strong></span> <span class='ocrx_word' id='word_1_171' title='bbox 1897 1824 1977 1852; x_wconf 83' lang='lat' dir='ltr'><strong>ex-</strong></span> 
     </span>
     <span class='ocr_line' id='line_1_24' title="bbox 270 1883 1974 1940; baseline 0.001 -13"><span class='ocrx_word' id='word_1_172' title='bbox 270 1883 412 1940; x_wconf 92' lang='lat' dir='ltr'><strong>polita</strong></span> <span class='ocrx_word' id='word_1_173' title='bbox 434 1884 540 1927; x_wconf 92' lang='lat' dir='ltr'><strong>ficta</strong></span> <span class='ocrx_word' id='word_1_174' title='bbox 572 1885 763 1940; x_wconf 87' lang='lat' dir='ltr'><strong>primum</strong></span> <span class='ocrx_word' id='word_1_175' title='bbox 786 1884 968 1939; x_wconf 89' lang='lat' dir='ltr'><strong>quidem</strong></span> <span class='ocrx_word' id='word_1_176' title='bbox 1003 1885 1185 1927; x_wconf 85' lang='lat' dir='ltr'><strong>aliunde</strong></span> <span class='ocrx_word' id='word_1_177' title='bbox 1218 1886 1427 1936; x_wconf 87' lang='lat' dir='ltr'><strong>aduecta,</strong></span> <span class='ocrx_word' id='word_1_178' title='bbox 1461 1898 1566 1927; x_wconf 86' lang='lat' dir='ltr'><strong>mox</strong></span> <span class='ocrx_word' id='word_1_179' title='bbox 1591 1899 1700 1927; x_wconf 90' lang='lat' dir='ltr'><strong>uero</strong></span> <span class='ocrx_word' id='word_1_180' title='bbox 1734 1886 1792 1928; x_wconf 89' lang='lat' dir='ltr'><strong>ab</strong></span> <span class='ocrx_word' id='word_1_181' title='bbox 1817 1886 1974 1928; x_wconf 92' lang='lat' dir='ltr'><strong>Etrus-</strong></span> 
     </span>
     <span class='ocr_line' id='line_1_25' title="bbox 269 1958 1973 2017; baseline 0.001 -17"><span class='ocrx_word' id='word_1_182' title='bbox 269 1958 331 2000; x_wconf 91' lang='lat' dir='ltr'><strong>cis</strong></span> <span class='ocrx_word' id='word_1_183' title='bbox 363 1959 507 2013; x_wconf 84' lang='lat' dir='ltr'><strong>figulis</strong></span> <span class='ocrx_word' id='word_1_184' title='bbox 558 1959 780 2000; x_wconf 86' lang='lat' dir='ltr'><strong>imitando</strong></span> <span class='ocrx_word' id='word_1_185' title='bbox 833 1972 1047 2014; x_wconf 86' lang='lat' dir='ltr'><strong>expressa</strong></span> <span class='ocrx_word' id='word_1_186' title='bbox 1094 1973 1205 2008; x_wconf 91' lang='lat' dir='ltr'><strong>esse,</strong></span> <span class='ocrx_word' id='word_1_187' title='bbox 1257 1961 1321 2001; x_wconf 89' lang='lat' dir='ltr'><strong>ita</strong></span> <span class='ocrx_word' id='word_1_188' title='bbox 1369 1966 1416 2000; x_wconf 92' lang='lat' dir='ltr'><strong>ut</strong></span> <span class='ocrx_word' id='word_1_189' title='bbox 1465 1961 1741 2015; x_wconf 86' lang='lat' dir='ltr'><strong>exemplaria</strong></span> <span class='ocrx_word' id='word_1_190' title='bbox 1778 1960 1973 2017; x_wconf 87' lang='lat' dir='ltr'><strong>Graeca,</strong></span> 
     </span>
     <span class='ocr_line' id='line_1_26' title="bbox 273 2034 1976 2091; baseline 0.002 -16"><span class='ocrx_word' id='word_1_191' title='bbox 273 2034 442 2090; x_wconf 89' lang='lat' dir='ltr'><strong>quippe</strong></span> <span class='ocrx_word' id='word_1_192' title='bbox 493 2047 609 2090; x_wconf 90' lang='lat' dir='ltr'><strong>quae</strong></span> <span class='ocrx_word' id='word_1_193' title='bbox 650 2041 757 2091; x_wconf 90' lang='lat' dir='ltr'><strong>post</strong></span> <span class='ocrx_word' id='word_1_194' title='bbox 801 2035 940 2077; x_wconf 87' lang='lat' dir='ltr'><strong>breue</strong></span> <span class='ocrx_word' id='word_1_195' title='bbox 988 2040 1167 2089; x_wconf 89' lang='lat' dir='ltr'><strong>tempus</strong></span> <span class='ocrx_word' id='word_1_196' title='bbox 1217 2035 1447 2090; x_wconf 87' lang='lat' dir='ltr'><strong>importari</strong></span> <span class='ocrx_word' id='word_1_197' title='bbox 1495 2035 1644 2077; x_wconf 89' lang='lat' dir='ltr'><strong>desita</strong></span> <span class='ocrx_word' id='word_1_198' title='bbox 1676 2035 1778 2088; x_wconf 89' lang='lat' dir='ltr'><strong>sint,</strong></span> <span class='ocrx_word' id='word_1_199' title='bbox 1825 2048 1976 2091; x_wconf 89' lang='lat' dir='ltr'><strong>pauca</strong></span> 
     </span>
     <span class='ocr_line' id='line_1_27' title="bbox 275 2110 1973 2165; baseline 0.001 -14"><span class='ocrx_word' id='word_1_200' title='bbox 275 2115 588 2159; x_wconf 81' lang='lat' dir='ltr'><strong>seruarentur:</strong></span> <span class='ocrx_word' id='word_1_201' title='bbox 624 2110 954 2165; x_wconf 84' lang='lat' dir='ltr'><strong>dignoscuntur</strong></span> <span class='ocrx_word' id='word_1_202' title='bbox 986 2123 1095 2152; x_wconf 90' lang='lat' dir='ltr'><strong>uero</strong></span> <span class='ocrx_word' id='word_1_203' title='bbox 1127 2110 1184 2152; x_wconf 88' lang='lat' dir='ltr'><strong>ab</strong></span> <span class='ocrx_word' id='word_1_204' title='bbox 1219 2110 1420 2152; x_wconf 87' lang='lat' dir='ltr'><strong>Etruscis</strong></span> <span class='ocrx_word' id='word_1_205' title='bbox 1457 2123 1560 2153; x_wconf 90' lang='lat' dir='ltr'><strong>cum</strong></span> <span class='ocrx_word' id='word_1_206' title='bbox 1595 2110 1748 2152; x_wconf 88' lang='lat' dir='ltr'><strong>formis</strong></span> <span class='ocrx_word' id='word_1_207' title='bbox 1784 2110 1973 2153; x_wconf 86' lang='lat' dir='ltr'><strong>Graecis</strong></span> 
     </span>
     <span class='ocr_line' id='line_1_28' title="bbox 271 2185 1973 2242; baseline 0.001 -15"><span class='ocrx_word' id='word_1_208' title='bbox 271 2186 474 2228; x_wconf 90' lang='lat' dir='ltr'><strong>nondum</strong></span> <span class='ocrx_word' id='word_1_209' title='bbox 507 2185 774 2227; x_wconf 90' lang='lat' dir='ltr'><strong>deformatis</strong></span> <span class='ocrx_word' id='word_1_210' title='bbox 816 2192 1031 2242; x_wconf 92' lang='lat' dir='ltr'><strong>cretaque</strong></span> <span class='ocrx_word' id='word_1_211' title='bbox 1074 2186 1259 2235; x_wconf 90' lang='lat' dir='ltr'><strong>leuiore,</strong></span> <span class='ocrx_word' id='word_1_212' title='bbox 1295 2192 1390 2227; x_wconf 87' lang='lat' dir='ltr'><strong>tum</strong></span> <span class='ocrx_word' id='word_1_213' title='bbox 1413 2198 1469 2227; x_wconf 91' lang='lat' dir='ltr'><strong>eo</strong></span> <span class='ocrx_word' id='word_1_214' title='bbox 1503 2186 1631 2242; x_wconf 91' lang='lat' dir='ltr'><strong>quod</strong></span> <span class='ocrx_word' id='word_1_215' title='bbox 1654 2186 1835 2242; x_wconf 89' lang='lat' dir='ltr'><strong>saepius</strong></span> <span class='ocrx_word' id='word_1_216' title='bbox 1871 2200 1973 2228; x_wconf 90' lang='lat' dir='ltr'><strong>cum</strong></span> 
     </span>
     <span class='ocr_line' id='line_1_29' title="bbox 271 2261 1973 2312; baseline 0 -9"><span class='ocrx_word' id='word_1_217' title='bbox 271 2261 393 2303; x_wconf 87' lang='lat' dir='ltr'><strong>uasis</strong></span> <span class='ocrx_word' id='word_1_218' title='bbox 441 2267 567 2303; x_wconf 90' lang='lat' dir='ltr'><strong>certo</strong></span> <span class='ocrx_word' id='word_1_219' title='bbox 621 2261 824 2304; x_wconf 88' lang='lat' dir='ltr'><strong>Etruscis</strong></span> <span class='ocrx_word' id='word_1_220' title='bbox 874 2262 1119 2304; x_wconf 87' lang='lat' dir='ltr'><strong>coniuncta</strong></span> <span class='ocrx_word' id='word_1_221' title='bbox 1177 2261 1470 2303; x_wconf 88' lang='lat' dir='ltr'><strong>inueniuntur</strong></span> <span class='ocrx_word' id='word_1_222' title='bbox 1525 2268 1618 2304; x_wconf 90' lang='lat' dir='ltr'><strong>tam</strong></span> <span class='ocrx_word' id='word_1_223' title='bbox 1673 2262 1876 2312; x_wconf 88' lang='lat' dir='ltr'><strong>rudibus,</strong></span> <span class='ocrx_word' id='word_1_224' title='bbox 1923 2269 1973 2304; x_wconf 91' lang='lat' dir='ltr'><strong>ut</strong></span> 
     </span>
     <span class='ocr_line' id='line_1_30' title="bbox 273 2334 1975 2392; baseline -0.001 -12"><span class='ocrx_word' id='word_1_225' title='bbox 273 2335 445 2381; x_wconf 85' lang='lat' dir='ltr'><strong>eisdem</strong></span> <span class='ocrx_word' id='word_1_226' title='bbox 475 2334 618 2390; x_wconf 89' lang='lat' dir='ltr'><strong>figulis</strong></span> <span class='ocrx_word' id='word_1_227' title='bbox 653 2341 844 2392; x_wconf 86' lang='lat' dir='ltr'><strong>utraque</strong></span> <span class='ocrx_word' id='word_1_228' title='bbox 878 2336 1010 2379; x_wconf 89' lang='lat' dir='ltr'><strong>tribui</strong></span> <span class='ocrx_word' id='word_1_229' title='bbox 1034 2350 1128 2379; x_wconf 90' lang='lat' dir='ltr'><strong>non</strong></span> <span class='ocrx_word' id='word_1_230' title='bbox 1161 2349 1298 2392; x_wconf 86' lang='lat' dir='ltr'><strong>posse</strong></span> <span class='ocrx_word' id='word_1_231' title='bbox 1328 2336 1520 2380; x_wconf 85' lang='lat' dir='ltr'><strong>eluceat.</strong></span> <span class='ocrx_word' id='word_1_232' title='bbox 1556 2337 1732 2378; x_wconf 88' lang='lat' dir='ltr'><strong>accedit</strong></span> <span class='ocrx_word' id='word_1_233' title='bbox 1765 2337 1892 2392; x_wconf 93' lang='lat' dir='ltr'><strong>quod</strong></span> <span class='ocrx_word' id='word_1_234' title='bbox 1929 2342 1975 2379; x_wconf 91' lang='lat' dir='ltr'><strong>et</strong></span> 
     </span>
     <span class='ocr_line' id='line_1_31' title="bbox 275 2404 1977 2467; baseline -0.002 -10"><span class='ocrx_word' id='word_1_235' title='bbox 275 2411 492 2457; x_wconf 84' lang='lat' dir='ltr'><strong>nonnulla</strong></span> <span class='ocrx_word' id='word_1_236' title='bbox 523 2404 729 2467; x_wconf 86' lang='lat' dir='ltr'><strong>exempla</strong></span> <span class='ocrx_word' id='word_1_237' title='bbox 762 2411 1008 2467; x_wconf 89' lang='lat' dir='ltr'><strong>antiquitus</strong></span> <span class='ocrx_word' id='word_1_238' title='bbox 1032 2411 1204 2454; x_wconf 87' lang='lat' dir='ltr'><strong>refecta</strong></span> <span class='ocrx_word' id='word_1_239' title='bbox 1236 2416 1418 2453; x_wconf 74' lang='lat' dir='ltr'><strong>exstant</strong></span> <span class='ocrx_word' id='word_1_240' title='bbox 1450 2424 1630 2453; x_wconf 89' lang='lat' dir='ltr'><strong>necnon</strong></span> <span class='ocrx_word' id='word_1_241' title='bbox 1666 2424 1776 2454; x_wconf 90' lang='lat' dir='ltr'><strong>uasa</strong></span> <span class='ocrx_word' id='word_1_242' title='bbox 1800 2424 1825 2451; x_wconf 95' lang='lat' dir='ltr'><strong>e</strong></span> <span class='ocrx_word' id='word_1_243' title='bbox 1859 2418 1977 2454; x_wconf 88' lang='lat' dir='ltr'><strong>terra</strong></span> 
     </span>
     <span class='ocr_line' id='line_1_32' title="bbox 272 2486 1976 2543; baseline 0 -15"><span class='ocrx_word' id='word_1_244' title='bbox 272 2486 457 2543; x_wconf 89' lang='lat' dir='ltr'><strong>quidem</strong></span> <span class='ocrx_word' id='word_1_245' title='bbox 492 2486 633 2530; x_wconf 86' lang='lat' dir='ltr'><strong>mixta</strong></span> <span class='ocrx_word' id='word_1_246' title='bbox 680 2492 776 2530; x_wconf 88' lang='lat' dir='ltr'><strong>arte</strong></span> <span class='ocrx_word' id='word_1_247' title='bbox 823 2486 1077 2542; x_wconf 86' lang='lat' dir='ltr'><strong>antiquiore</strong></span> <span class='ocrx_word' id='word_1_248' title='bbox 1119 2486 1238 2537; x_wconf 88' lang='lat' dir='ltr'><strong>ficta,</strong></span> <span class='ocrx_word' id='word_1_249' title='bbox 1291 2486 1377 2528; x_wconf 91' lang='lat' dir='ltr'><strong>sed</strong></span> <span class='ocrx_word' id='word_1_250' title='bbox 1414 2486 1564 2529; x_wconf 84' lang='lat' dir='ltr'><strong>formis</strong></span> <span class='ocrx_word' id='word_1_251' title='bbox 1607 2492 1652 2529; x_wconf 91' lang='lat' dir='ltr'><strong>et</strong></span> <span class='ocrx_word' id='word_1_252' title='bbox 1698 2486 1976 2528; x_wconf 89' lang='lat' dir='ltr'><strong>ornamentis</strong></span> 
     </span>
    </p>
   </div>
   <div class='ocr_carea' id='block_1_11' title="bbox 281 2598 575 2603">
    <p class='ocr_par' dir='ltr' id='par_1_11' title="bbox 281 2598 575 2603">
     <span class='ocr_line' id='line_1_33' title="bbox 281 2598 575 2603; baseline 0 0"><span class='ocrx_word' id='word_1_253' title='bbox 281 2598 575 2603; x_wconf 95' lang='lat' dir='ltr'><strong> </strong></span> 
     </span>
    </p>
   </div>
   <div class='ocr_carea' id='block_1_12' title="bbox 240 2657 1981 3108">
    <p class='ocr_par' dir='ltr' id='par_1_12' title="bbox 240 2657 1981 3108">
     <span class='ocr_line' id='line_1_34' title="bbox 421 2657 1977 2710; baseline -0.002 -13"><span class='ocrx_word' id='word_1_254' title='bbox 421 2657 437 2686; x_wconf 82' lang='lat'>²</span> <span class='ocrx_word' id='word_1_255' title='bbox 464 2660 572 2697; x_wconf 86' lang='lat' dir='ltr'><strong>urnis</strong></span> <span class='ocrx_word' id='word_1_256' title='bbox 601 2661 796 2708; x_wconf 84' lang='lat' dir='ltr'><strong>subiungo</strong></span> <span class='ocrx_word' id='word_1_257' title='bbox 823 2673 982 2698; x_wconf 87' lang='lat' dir='ltr'><strong>urceum</strong></span> <span class='ocrx_word' id='word_1_258' title='bbox 1024 2661 1233 2698; x_wconf 86' lang='lat' dir='ltr'><strong>admodum</strong></span> <span class='ocrx_word' id='word_1_259' title='bbox 1254 2661 1389 2697; x_wconf 87' lang='lat' dir='ltr'><strong>rudem</strong></span> <span class='ocrx_word' id='word_1_260' title='bbox 1431 2658 1556 2710; x_wconf 89' lang='lat' dir='ltr'><strong>(Mon.</strong></span> <span class='ocrx_word' id='word_1_261' title='bbox 1587 2664 1664 2697; x_wconf 88' lang='lat' dir='ltr'><strong>ant.</strong></span> <span class='ocrx_word' id='word_1_262' title='bbox 1693 2660 1753 2695; x_wconf 94' lang='lat' dir='ltr'><strong>IV</strong></span> <span class='ocrx_word' id='word_1_263' title='bbox 1782 2657 1891 2704; x_wconf 78' lang='lat'>290),</span> <span class='ocrx_word' id='word_1_264' title='bbox 1934 2659 1977 2695; x_wconf 89' lang='lat' dir='ltr'><strong>in</strong></span> 
     </span>
     <span class='ocr_line' id='line_1_35' title="bbox 274 2726 1976 2776; baseline 0 -14"><span class='ocrx_word' id='word_1_265' title='bbox 274 2737 352 2774; x_wconf 88' lang='lat' dir='ltr'><strong>quo</strong></span> <span class='ocrx_word' id='word_1_266' title='bbox 380 2732 585 2764; x_wconf 83' lang='lat' dir='ltr'><strong>centaurus</strong></span> <span class='ocrx_word' id='word_1_267' title='bbox 613 2727 804 2765; x_wconf 84' lang='lat' dir='ltr'><strong>humanus</strong></span> <span class='ocrx_word' id='word_1_268' title='bbox 833 2728 966 2766; x_wconf 88' lang='lat' dir='ltr'><strong>tunica</strong></span> <span class='ocrx_word' id='word_1_269' title='bbox 991 2728 1106 2765; x_wconf 90' lang='lat' dir='ltr'><strong>breui</strong></span> <span class='ocrx_word' id='word_1_270' title='bbox 1123 2728 1285 2764; x_wconf 82' lang='lat' dir='ltr'><strong>indutus</strong></span> <span class='ocrx_word' id='word_1_271' title='bbox 1314 2727 1566 2776; x_wconf 87' lang='lat' dir='ltr'><strong>gladiumque</strong></span> <span class='ocrx_word' id='word_1_272' title='bbox 1583 2726 1741 2762; x_wconf 84' lang='lat' dir='ltr'><strong>uibrans</strong></span> <span class='ocrx_word' id='word_1_273' title='bbox 1772 2737 1976 2774; x_wconf 84' lang='lat' dir='ltr'><strong>expressus</strong></span> 
     </span>
     <span class='ocr_line' id='line_1_36' title="bbox 276 2792 1500 2843; baseline 0.002 -16"><span class='ocrx_word' id='word_1_274' title='bbox 276 2795 347 2835; x_wconf 87' lang='lat' dir='ltr'><strong>est,</strong></span> <span class='ocrx_word' id='word_1_275' title='bbox 379 2792 421 2828; x_wconf 88' lang='lat' dir='ltr'><strong>in</strong></span> <span class='ocrx_word' id='word_1_276' title='bbox 449 2792 663 2839; x_wconf 75' lang='lat' dir='ltr'><strong>suffragine</strong></span> <span class='ocrx_word' id='word_1_277' title='bbox 692 2795 798 2841; x_wconf 87' lang='lat' dir='ltr'><strong>spira</strong></span> <span class='ocrx_word' id='word_1_278' title='bbox 824 2794 959 2842; x_wconf 87' lang='lat' dir='ltr'><strong>dupla,</strong></span> <span class='ocrx_word' id='word_1_279' title='bbox 979 2806 1096 2843; x_wconf 88' lang='lat' dir='ltr'><strong>quam</strong></span> <span class='ocrx_word' id='word_1_280' title='bbox 1124 2794 1333 2842; x_wconf 84' lang='lat' dir='ltr'><strong>tetigimus,</strong></span> <span class='ocrx_word' id='word_1_281' title='bbox 1354 2794 1500 2830; x_wconf 90' lang='lat' dir='ltr'><strong>addita.</strong></span> 
     </span>
     <span class='ocr_line' id='line_1_37' title="bbox 422 2853 1979 2908; baseline -0.001 -14"><span class='ocrx_word' id='word_1_282' title='bbox 422 2853 441 2882; x_wconf 71' lang='lat'>2</span> <span class='ocrx_word' id='word_1_283' title='bbox 467 2857 625 2895; x_wconf 90' lang='lat' dir='ltr'><strong>Cumis:</strong></span> <span class='ocrx_word' id='word_1_284' title='bbox 667 2858 820 2906; x_wconf 86' lang='lat' dir='ltr'><strong>Helbig</strong></span> <span class='ocrx_word' id='word_1_285' title='bbox 848 2860 948 2898; x_wconf 84' lang='lat' dir='ltr'><strong>Bull.</strong></span> <span class='ocrx_word' id='word_1_286' title='bbox 981 2859 1094 2904; x_wconf 81' lang='lat'>1875,</span> <span class='ocrx_word' id='word_1_287' title='bbox 1134 2858 1198 2908; x_wconf 85' lang='lat'><strong>98,</strong></span> <span class='ocrx_word' id='word_1_288' title='bbox 1240 2859 1409 2908; x_wconf 85' lang='lat' dir='ltr'><strong>Neapol.</strong></span> <span class='ocrx_word' id='word_1_289' title='bbox 1438 2860 1560 2896; x_wconf 87' lang='lat' dir='ltr'><strong>Racc.</strong></span> <span class='ocrx_word' id='word_1_290' title='bbox 1591 2857 1700 2894; x_wconf 92' lang='lat' dir='ltr'><strong>Cum.</strong></span> <span class='ocrx_word' id='word_1_291' title='bbox 1733 2856 1847 2906; x_wconf 87' lang='lat'>1048,</span> <span class='ocrx_word' id='word_1_292' title='bbox 1879 2858 1979 2904; x_wconf 85' lang='lat' dir='ltr'><strong>frag·</strong></span> 
     </span>
     <span class='ocr_line' id='line_1_38' title="bbox 272 2919 1575 2974; baseline 0.002 -15"><span class='ocrx_word' id='word_1_293' title='bbox 272 2928 401 2960; x_wconf 85' lang='lat' dir='ltr'><strong>menta</strong></span> <span class='ocrx_word' id='word_1_294' title='bbox 427 2924 588 2961; x_wconf 87' lang='lat' dir='ltr'><strong>Bonnae</strong></span> <span class='ocrx_word' id='word_1_295' title='bbox 616 2925 832 2963; x_wconf 81' lang='lat' dir='ltr'><strong>adseruata.</strong></span> <span class='ocrx_word' id='word_1_296' title='bbox 861 2919 1020 2974; x_wconf 87' lang='lat' dir='ltr'><strong>Sybari:</strong></span> <span class='ocrx_word' id='word_1_297' title='bbox 1047 2927 1146 2963; x_wconf 88' lang='lat' dir='ltr'><strong>Not.</strong></span> <span class='ocrx_word' id='word_1_298' title='bbox 1178 2926 1216 2963; x_wconf 92' lang='lat' dir='ltr'><strong>d.</strong></span> <span class='ocrx_word' id='word_1_299' title='bbox 1248 2926 1309 2963; x_wconf 91' lang='lat' dir='ltr'><strong>Sc.</strong></span> <span class='ocrx_word' id='word_1_300' title='bbox 1342 2924 1456 2973; x_wconf 83' lang='lat'>1888,</span> <span class='ocrx_word' id='word_1_301' title='bbox 1485 2923 1575 2962; x_wconf 88' lang='lat'>651.</span> 
     </span>
     <span class='ocr_line' id='line_1_39' title="bbox 358 2985 1981 3037; baseline -0.001 -12"><span class='ocrx_word' id='word_1_302' title='bbox 358 3014 361 3016; x_wconf 90' lang='lat'>-</span> <span class='ocrx_word' id='word_1_303' title='bbox 421 2985 439 3013; x_wconf 78' lang='lat'>³</span> <span class='ocrx_word' id='word_1_304' title='bbox 465 2990 687 3037; x_wconf 85' lang='lat' dir='ltr'><strong>Syracusis:</strong></span> <span class='ocrx_word' id='word_1_305' title='bbox 726 2991 831 3030; x_wconf 80' lang='lat' dir='ltr'><strong>Bull.</strong></span> <span class='ocrx_word' id='word_1_306' title='bbox 860 2992 898 3030; x_wconf 85' lang='lat' dir='ltr'><strong>d.</strong></span> <span class='ocrx_word' id='word_1_307' title='bbox 927 3003 1064 3030; x_wconf 89' lang='lat' dir='ltr'><strong>comm.</strong></span> <span class='ocrx_word' id='word_1_308' title='bbox 1095 2993 1132 3030; x_wconf 92' lang='lat' dir='ltr'><strong>d.</strong></span> <span class='ocrx_word' id='word_1_309' title='bbox 1164 2996 1239 3029; x_wconf 86' lang='lat' dir='ltr'><strong>ant.</strong></span> <span class='ocrx_word' id='word_1_310' title='bbox 1271 2992 1309 3028; x_wconf 89' lang='lat' dir='ltr'><strong>d.</strong></span> <span class='ocrx_word' id='word_1_311' title='bbox 1339 2992 1416 3029; x_wconf 90' lang='lat' dir='ltr'><strong>Sic.</strong></span> <span class='ocrx_word' id='word_1_312' title='bbox 1447 3003 1504 3027; x_wconf 90' lang='lat' dir='ltr'><strong>nr.</strong></span> <span class='ocrx_word' id='word_1_313' title='bbox 1535 2989 1559 3029; x_wconf 95' lang='lat'>5</span> <span class='ocrx_word' id='word_1_314' title='bbox 1588 2990 1667 3027; x_wconf 87' lang='lat' dir='ltr'><strong>tab.</strong></span> <span class='ocrx_word' id='word_1_315' title='bbox 1697 2988 1733 3037; x_wconf 87' lang='lat'><strong>4,</strong></span> <span class='ocrx_word' id='word_1_316' title='bbox 1766 2987 1803 3027; x_wconf 80' lang='lat'><strong>2.</strong></span> <span class='ocrx_word' id='word_1_317' title='bbox 1832 2988 1981 3025; x_wconf 82' lang='lat' dir='ltr'><strong>Annali</strong></span> 
     </span>
     <span class='ocr_line' id='line_1_40' title="bbox 240 3053 1978 3108; baseline -0.001 -16"><span class='ocrx_word' id='word_1_318' title='bbox 240 3079 242 3081; x_wconf 38' lang='lat' dir='ltr'>v</span> <span class='ocrx_word' id='word_1_319' title='bbox 273 3053 376 3094; x_wconf 82' lang='lat'>1877</span> <span class='ocrx_word' id='word_1_320' title='bbox 403 3056 478 3091; x_wconf 88' lang='lat' dir='ltr'><strong>AB</strong></span> <span class='ocrx_word' id='word_1_321' title='bbox 505 3055 542 3094; x_wconf 87' lang='lat'><strong>3.</strong></span> <span class='ocrx_word' id='word_1_322' title='bbox 571 3056 663 3094; x_wconf 91' lang='lat' dir='ltr'><strong>Not.</strong></span> <span class='ocrx_word' id='word_1_323' title='bbox 694 3057 733 3094; x_wconf 82' lang='lat' dir='ltr'><strong>d.</strong></span> <span class='ocrx_word' id='word_1_324' title='bbox 763 3057 825 3095; x_wconf 87' lang='lat' dir='ltr'><strong>Sc.</strong></span> <span class='ocrx_word' id='word_1_325' title='bbox 847 3056 964 3102; x_wconf 88' lang='lat'>1893,</span> <span class='ocrx_word' id='word_1_326' title='bbox 985 3057 1074 3108; x_wconf 80' lang='lat'>122,</span> <span class='ocrx_word' id='word_1_327' title='bbox 1102 3057 1192 3102; x_wconf 85' lang='lat'><strong>445,</strong></span> <span class='ocrx_word' id='word_1_328' title='bbox 1220 3058 1405 3106; x_wconf 89' lang='lat' dir='ltr'><strong>imprimis</strong></span> <span class='ocrx_word' id='word_1_329' title='bbox 1434 3055 1526 3105; x_wconf 82' lang='lat'>456,</span> <span class='ocrx_word' id='word_1_330' title='bbox 1557 3068 1634 3104; x_wconf 91' lang='lat' dir='ltr'><strong>quo</strong></span> <span class='ocrx_word' id='word_1_331' title='bbox 1657 3056 1747 3092; x_wconf 89' lang='lat' dir='ltr'><strong>loco</strong></span> <span class='ocrx_word' id='word_1_332' title='bbox 1776 3067 1869 3092; x_wconf 88' lang='lat' dir='ltr'><strong>uasa</strong></span> <span class='ocrx_word' id='word_1_333' title='bbox 1897 3056 1978 3092; x_wconf 90' lang='lat' dir='ltr'><strong>duo</strong></span> 
     </span>
    </p>
   </div>
   <div class='ocr_carea' id='block_1_13' title="bbox 272 3115 1971 3240">
    <p class='ocr_par' dir='ltr' id='par_1_13' title="bbox 272 3115 1971 3240">
     <span class='ocr_line' id='line_1_41' title="bbox 272 3115 1971 3170; baseline 0.001 -14"><span class='ocrx_word' id='word_1_334' title='bbox 272 3115 622 3158; x_wconf 72' lang='lat' dir='ltr'><strong>commemorantur</strong></span> <span class='ocrx_word' id='word_1_335' title='bbox 665 3123 806 3160; x_wconf 87' lang='lat' dir='ltr'><strong>litteris</strong></span> <span class='ocrx_word' id='word_1_336' title='bbox 848 3124 1009 3161; x_wconf 88' lang='lat' dir='ltr'><strong>Graecis</strong></span> <span class='ocrx_word' id='word_1_337' title='bbox 1036 3123 1172 3160; x_wconf 87' lang='lat' dir='ltr'><strong>iricisis</strong></span> <span class='ocrx_word' id='word_1_338' title='bbox 1214 3124 1409 3170; x_wconf 86' lang='lat' dir='ltr'><strong>insignita.</strong></span> <span class='ocrx_word' id='word_1_339' title='bbox 1447 3144 1498 3151; x_wconf 98' lang='lat'>—</span> <span class='ocrx_word' id='word_1_340' title='bbox 1523 3125 1707 3168; x_wconf 83' lang='lat' dir='ltr'><strong>Megarae</strong></span> <span class='ocrx_word' id='word_1_341' title='bbox 1749 3122 1971 3169; x_wconf 87' lang='lat' dir='ltr'><strong>Hyblaeae:</strong></span> 
     </span>
     <span class='ocr_line' id='line_1_42' title="bbox 272 3186 701 3240; baseline 0.007 -15"><span class='ocrx_word' id='word_1_342' title='bbox 272 3187 382 3226; x_wconf 86' lang='lat' dir='ltr'><strong>Mon.</strong></span> <span class='ocrx_word' id='word_1_343' title='bbox 410 3192 487 3227; x_wconf 87' lang='lat' dir='ltr'><strong>ant.</strong></span> <span class='ocrx_word' id='word_1_344' title='bbox 515 3189 536 3224; x_wconf 96' lang='lat' dir='ltr'>I</span> <span class='ocrx_word' id='word_1_345' title='bbox 563 3186 701 3240; x_wconf 77' lang='lat' dir='ltr'>384s5.</span> 
     </span>
    </p>
   </div>
  </div>
 </body>
</html>
