2168 3573
1005 173 1227 213 „41-

205 335 208 338 ι
263 321 314 349 se
347 311 706 348 consentaneum
729 312 800 348 est
824 312 871 348 et
891 306 1197 349 monumentis
1230 305 1290 348 ibi
1325 306 1516 362 repertis
1539 306 1757 362 probatur
1768 301 1797 349 ¹.
1823 318 1972 360 neque

203 376 207 380 ’
261 381 422 423 mirum
454 386 524 422 est
557 379 788 436 Naucrati,
831 395 920 438 qua
952 381 999 422 in
1032 382 1210 424 colonia
1245 381 1434 423 Rhodii*
1463 381 1637 436 plurimi
1689 380 1972 428 habitabant,

264 454 453 499 similem
487 461 631 498 artem
665 457 890 499 excultam
922 469 1022 500 esse
1035 454 1067 501 ².

385 529 626 576 ,Vltimam
673 545 784 574 uero
833 545 981 588 quam·
1011 532 1376 574 enumerauimus
1421 545 1634 574 uasorum
1680 530 1853 580 seriem,
1899 529 2008 571 cui.

261 606 485 661 palmulae
519 606 790 650 Phoeniciae
823 621 930 664 prae
964 607 1124 651 ceteris
1159 607 1413 663 peculiares
1449 614 1566 662 sunt,
1602 607 1647 648 in
1682 607 1781 661 ipsa
1804 604 1970 647 Rhodo

262 680 430 724 factam
459 695 554 724 non
587 695 687 725 esse
719 696 902 736 censeo,
937 696 1039 726 cum
1072 696 1221 739 neque
1255 690 1350 725 arte
1379 695 1561 739 prorsus
1596 694 1698 724 cum
1745 680 1826 722 illis
1862 693 1968 722 con-

262 763 437 812 gruant,
487 770 640 814 neque
676 757 842 817 formis,
893 772 1011 815 quae
1041 757 1285 801 Corinthiis
1321 758 1555 800 similiores
1591 763 1722 807 sunt;
1771 756 1899 812 quod
1934 755 1969 797 si

263 833 308 873 in
339 833 622 874 Rhodiorum
657 827 836 877 colonia
869 835 915 876 in
952 834 1149 877 Siciliam
1182 835 1392 887 deducta,
1429 835 1585 889 quales
1622 832 1736 875 Gela
1771 838 1817 873 et
1840 831 1969 885 Agri-

264 913 450 962 gentum
485 914 627 960 erant‚
660 922 771 952 uasa
804 909 877 952 illa
911 908 1033 952 facta
1056 921 1159 952 esse
1193 908 1494 962 statuerimus,
1530 907 1736 950 facillime
1759 906 1848 948 iam
1871 918 1969 947 om-

261 982 337 1024 nia
372 983 665 1038 explicentur.

412 1056 503 1100 Sed
536 1064 783 1113 antequam
816 1057 933 1101 hanc
967 1059 1285 1113 quaestionem
1316 1059 1622 1113 absoluamus,
1672 1057 1731 1098 de
1766 1055 1968 1098 animali-

267 1132 352 1174 bus
411 1145 595 1189 quoque
650 1133 694 1175 in
746 1133 870 1176 uasis
926 1134 1091 1176 nostris
1144 1134 1366 1190 expressis
1416 1134 1644 1188 agendum
1685 1138 1763 1175 est.
1830 1137 1968 1187 atque

263 1207 503 1251 Corinthiis
537 1209 719 1264 quidem
744 1210 930 1252 omnino
967 1209 1185 1252 absimilia
1208 1210 1282 1253 illa
1305 1223 1405 1252 esse
1429 1210 1501 1252 uix
1526 1223 1641 1266 opus
1677 1214 1745 1251 est
1767 1221 1967 1259 monere,

260 1298 408 1342 neque
441 1297 712 1342 quemquam
748 1284 921 1340 fugisse
945 1285 1119 1343 opInor,
1153 1299 1253 1328 cum
1291 1291 1387 1328 arte
1417 1291 1587 1340 nostra,
1624 1297 1738 1340 quae
1761 1284 1968 1326 monstris

262 1361 390 1403 alatis
420 1361 634 1417 imprimis
669 1363 858 1417 gaudet,
913 1375 1049 1404 unam
1097 1376 1207 1417 prae
1251 1362 1414 1404 ceteris
1452 1362 1817 1417 coniungendam
1850 1373 1966 1409 esse,

263 1449 404 1492 opera
428 1436 532 1479 dico
562 1436 716 1479 Ionica
751 1449 895 1479 aenea
927 1449 1064 1492 supra
1087 1434 1148 1491 (p.
1187 1430 1348 1494 19s20)
1374 1442 1738 1485 commemorata,
1773 1448 1890 1490 quae
1923 1441 1968 1476 et

259 1508 361 1567 ipsa
395 1511 661 1554 animalibus
696 1511 789 1553 fere
823 1512 1029 1554 omnibus
1067 1511 1162 1554 alas
1195 1513 1434 1566 praebent:
1470 1512 1577 1567 quin
1611 1512 1745 1553 etiam
1779 1524 1964 1566 grypem

261 1587 343 1629 alis
377 1592 623 1643 carentem,
683 1586 825 1642 qualis
870 1593 1050 1643 praeter
1083 1599 1267 1629 urceum
1301 1587 1607 1628 Florentinum
1639 1587 1684 1628 in
1717 1599 1806 1628 uno
1840 1586 1966 1642 quod

263 1662 402 1705 sciam
432 1675 541 1705 uase
576 1662 733 1705 Ionico
768 1663 965 1705 occurrit
982 1659 1014 1713 3,
1049 1663 1094 1704 in
1128 1663 1296 1704 armilla
1329 1675 1466 1705 aurea
1507 1661 1650 1713 (Mon.
1685 1663 1799 1705 Ann.
1830 1661 1963 1711 1854,

263 1736 374 1793 112)
416 1750 679 1793 expressum
704 1738 924 1792 uidemus,
952 1751 1088 1794 quam
1111 1744 1312 1780 craterae
1331 1737 1612 1780 Caeretanae
1634 1734 1769 1792 (Mus.
1790 1736 1926 1791 Greg.
1946 1736 1965 1777 I

263 1813 334 1856 11.
368 1811 444 1867 16)
476 1813 845 1869 subiungendam
880 1826 980 1857 esse
1012 1826 1194 1857 censeo.
1245 1827 1300 1855 ex
1347 1814 1557 1868 operibus
1596 1812 1758 1854 Ionicis
1809 1818 1963 1853 autem

261 1887 428 1938 aeneis,
463 1889 594 1945 quale
630 1888 827 1945 scyphus
861 1888 1202 1931 Vetuloniensis
1236 1894 1315 1939 est,
1348 1901 1457 1931 uasa
1478 1888 1609 1943 nigra
1643 1887 1823 1929 subtilia
1856 1899 1963 1942 pen-

261 1964 369 2005 dere
402 1964 610 2009 uidimus.
666 1971 803 2021 atque
848 1965 894 2007 in
942 1964 1009 2007 his
1060 1965 1176 2008 uasis
1209 1978 1313 2008 cum
1368 1977 1509 2020 equos
1545 1965 1689 2007 alatos
1720 1963 1963 2019 palmulas-

262 2052 348 2094 que
381 2038 649 2082 Phoenicias
684 2040 970 2094 offendimus,
1022 2046 1115 2082 tum
1143 2039 1267 2082 *felici
1303 2053 1411 2082 casu
1446 2041 1701 2095 exemplum
1736 2045 1964 2081 seruatum

260 2119 331 2155 est
361 2114 478 2156 uasis
512 2113 694 2157 bernice
728 2114 925 2157 inductis
962 2115 1211 2157 admodum
1245 2114 1401 2165 simile,
1437 2121 1642 2170 pateram
1676 2114 1780 2156 dico
1816 2113 1963 2156 Narce

260 2194 430 2231 emtam
478 2188 623 2242 (Mon.
659 2195 750 2233 ant.
783 2189 848 2231 IV
884 2191 998 2234 330:
1042 2189 1098 2233 cf.
1134 2202 1269 2244 supra
1301 2204 1345 2245 p.
1385 2186 1474 2244 12)‚·
1524 2190 1570 2231 in
1620 2202 1708 2245 qua
1739 2195 1784 2231 et
1820 2202 1963 2245 equus

259 2264 425 2307 eadem
459 2270 555 2307 arte
592 2265 791 2320 scalptus
841 2270 911 2308 est
945 2271 991 2307 et
1023 2266 1094 2308 leo
1131 2278 1258 2308 crura
1292 2265 1493 2308 humana
1547 2264 1750 2308 faucibus
1784 2271 1961 2320 tenens,

259 2339 336 2395 qui
369 2339 579 2383 omnibus
614 2339 709 2382 fere
743 2339 870 2383 lineis
924 2353 1027 2383 cum
1080 2341 1211 2383 leone
1254 2341 1499 2397 amphorae
1532 2341 1820 2383 Florentinae
1856 2354 1961 2382 con-

257 2414 391 2471 gruit,
439 2429 620 2459 necnon
652 2416 772 2460 ulula
814 2416 886 2460 hic
917 2417 1112 2476 palmae,
1151 2417 1196 2460 in
1248 2430 1385 2461 urceo
1415 2418 1678 2460 Florentino
1713 2417 1962 2474 pantherae

259 2491 440 2533 caudae
473 2491 690 2535 insidens.

404 2566 606 2622 Apparet
638 2567 769 2623 igitur
801 2568 917 2611 haec
946 2581 1057 2612 uasa
1095 2570 1262 2613 eodem
1302 2570 1404 2612 loco
1441 2570 1562 2613 facta
1593 2582 1706 2613 esse.
1741 2575 1786 2611 at
1821 2580 1962 2623 quae·

406 2698 422 2726 1
453 2703 566 2738 certis
594 2705 826 2750 argumentis
853 2705 949 2741 haec
976 2717 1072 2742 uasa
1099 2705 1238 2742 Rhodi
1266 2707 1365 2742 facta
1392 2717 1479 2743 esse
1508 2706 1756 2753 comprobare
1792 2717 1953 2753 nequeo.

258 2767 342 2804 fieri
370 2766 498 2816 potuit
525 2772 568 2805 ut
608 2768 683 2806 iam
710 2770 834 2807 Lesbi
875 2782 971 2807 uasa
1002 2771 1112 2819 nigra
1153 2771 1256 2820 picta
1283 2772 1438 2809 bernice
1471 2772 1639 2808 inductis
1670 2771 1948 2819 exciperentur:

258 2846 382 2883 neque
412 2846 506 2871 uero
537 2835 585 2871 de
615 2836 689 2877 hac
719 2849 759 2873 re
789 2837 994 2885 quicquam
1024 2842 1191 2874 statuere
1220 2838 1320 2882 licet,
1364 2839 1550 2887 quoniam
1585 2844 1660 2874 tam
1690 2839 1856 2874 ieiunam
1887 2851 1953 2875 ua-

259 2913 389 2938 sorum
418 2913 585 2937 messem
614 2902 744 2939 insula
772 2903 843 2939 illa
871 2904 999 2940 adhuc
1027 2905 1223 2952 praebuit:
1254 2906 1300 2942 cf.
1321 2905 1545 2952 Koldewey
1573 2905 1721 2941 Lesbos
1751 2904 1814 2942 38.
1845 2904 1909 2942 40.

408 2963 426 2991 2
453 2967 614 3004 uascula
633 2968 797 3015 figurata
823 2970 988 3006 fortasse
1015 2976 1053 3007 et
1070 2971 1156 3019 ipsa
1183 2971 1355 3006 Rhodiis
1375 2971 1580 3007 tribuenda
1600 2975 1698 3014 sunt,
1729 2982 1962 3019 quamquam

262 3032 311 3068 de
342 3032 414 3068 hac
443 3044 484 3068 re
512 3045 583 3080 pro
613 3039 716 3070 certo
744 3034 915 3071 iudicare
943 3047 1024 3072 uon
1050 3036 1127 3072 iam
1156 3035 1257 3073 lieet.

406 3095 423 3122 3
449 3098 581 3134 classis
610 3111 632 3135 a
659 3100 912 3137 Duemmlero
940 3102 1042 3148 (RM
1071 3100 1126 3150 II)
1158 3102 1387 3137 constitutae
1429 3113 1483 3139 nr.
1503 3100 1563 3144 10,
1580 3102 1659 3137 AV
1675 3101 1763 3140 127.
1794 3102 1843 3140 cf.
1873 3114 1964 3138 ana-

258 3161 433 3211 glyptum
462 3164 772 3213 antiquissimum
800 3166 1095 3216 Vetuloniense‚
1124 3167 1215 3204 Not.
1247 3167 1285 3206 d.
1313 3166 1375 3205 Sc,
1407 3165 1522 3212 1893,
1554 3165 1641 3205 154.
