2168 3573
1003 250 1224 296 -34-
1846 197 2056 290 h

259 388 421 435 summi
454 390 674 433 momenti
711 402 813 432 esse
845 401 1145 445 exponemus,
1187 387 1392 444 palmulis
1421 385 1672 430 Phoeniciis
1706 383 1972 443 (Naukratis.

257 467 298 509 II
333 468 426 510 tab.
465 463 526 522 8).
581 467 707 520 quod
741 478 852 507 uero
901 466 960 506 de
994 464 1170 519 poculis
1220 464 1370 506 ualere
1417 462 1630 517 uidimus,
1679 461 1970 506 Naucratitas

261 542 486 584 rationem
524 541 645 584 illam
679 540 898 596 pingendi
932 553 1026 582 non
1056 539 1179 595 ipsos
1213 538 1453 595 inuenisse,
1503 538 1588 579 sed
1622 538 1680 580 ab
1714 537 1800 581 alia
1831 543 1970 595 gente

259 617 472 660 traditam
521 616 788 666 excoluisse,
836 616 922 658 hoc
973 615 1098 657 idem
1133 615 1177 657 in
1213 616 1399 658 alteram
1434 614 1657 659 rationem
1692 615 1856 658 cadere
1889 626 1970 656 ua-

258 705 409 734 sorum
462 691 578 733 serie
629 691 863 745 docemur,
922 703 1041 745 quae
1095 689 1250 732 Rhodi
1299 697 1429 734 eruta
1476 697 1614 746 atque
1663 696 1762 732 tota
1803 689 1969 732 eadem

255 774 353 809 arte
391 779 480 821 qua
511 771 769 821 paterarum
804 778 908 821 pars
942 766 1127 808 interior
1161 772 1324 809 ornata
1359 772 1476 810 sunt.
1511 766 1637 809 cuius
1670 764 1824 808 classis
1856 764 1972 807 haec

253 843 363 885 noui
397 841 633 895 exempla:

406 920 446 961 1.
483 917 704 973 amphora
728 917 874 960 Berol.
913 918 1051 966 1648,
1090 916 1255 959 Camiri
1290 923 1478 973 reperta,
1513 916 1685 959 formae
1718 917 1829 959 illius
1853 915 1969 958 Atti-

254 1006 351 1042 cae,
386 1007 506 1048 quae
529 993 695 1049 figuras
721 978 874 1047 nigras
910 993 956 1034 in
985 993 1158 1048 campis
1194 994 1436 1036 reseruatis
1465 992 1609 1049 pictas
1642 992 1834 1036 exhibet.
1872 997 1969 1034 tota

256 1064 446 1110 bernice
470 1068 658 1110 inducta
690 1075 778 1124 est,
813 1067 1018 1122 exceptis
1050 1067 1202 1109 fasciis
1227 1073 1443 1123 quattuor
1476 1068 1806 1123 angustissimis
1829 1079 1972 1109 reser-

256 1143 390 1193 uatis,
428 1143 592 1197 quibus
626 1155 770 1184 zonae
805 1143 926 1184 duae
959 1141 1233 1184 definiuntur
1279 1142 1358 1183 loti
1389 1137 1546 1184 florum
1581 1147 1627 1183 et
1656 1141 1969 1197 palmularum,

258 1201 378 1272 quae
413 1218 628 1258 deorsum
677 1228 898 1257 conuersa
954 1221 1091 1270 atque
1140 1215 1256 1256 inter
1290 1228 1340 1256 se
1389 1229 1484 1257 non
1537 1216 1782 1270 coniuncta
1833 1223 1966 1258 sunt:

262 1291 412 1347 qualia
464 1297 703 1346 praeterea
754 1290 798 1331 in
848 1303 939 1332 una
991 1291 1117 1345 quod
1168 1289 1308 1332 sciam
1359 1290 1495 1333 situla
1538 1289 1746 1346 Daphnis
1794 1295 1970 1346 reperta

251 1364 415 1422 (Tanis
448 1365 490 1408 11
534 1365 626 1410 tab.
665 1363 743 1420 26)
778 1370 1011 1421 apparent.

406 1443 448 1484 2.
487 1441 708 1496 amphora
738 1441 1056 1493 Berolinensis,
1108 1441 1270 1483 Sianae
1310 1435 1591 1484 Rhodiorum
1642 1448 1774 1484 eruta
1806 1438 1967 1496 (Alhb.

254 1517 275 1558 1
314 1511 441 1573 143),
495 1517 660 1560 eadem
708 1529 891 1571 prorsus
941 1516 1116 1559 ratione
1165 1522 1339 1568 ornata,
1392 1517 1474 1559 sed
1521 1516 1692 1560 formae
1741 1515 1968 1573 amphoris

254 1588 452 1634 Samiis1
486 1592 655 1634 similis.

408 1667 544 1710 3—5.
601 1654 847 1722 amphorae
897 1672 989 1708 tres
1037 1666 1082 1708 in
1133 1666 1346 1721 catalogo
1403 1666 1623 1709 auctionis
1673 1665 1968 1723 Sothebyano

253 1738 311 1797 (a.
355 1741 492 1794 1885)
528 1741 784 1782 summatim
823 1741 1078 1795 descriptae
1093 1739 1126 1795 ²,
1163 1741 1530 1783 Berolinensibus
1564 1741 1746 1785 similes,

404 1818 444 1861 6.
494 1823 654 1871 patera
705 1816 922 1871 Parisina,
975 1815 1141 1858 Camiri
1190 1822 1319 1859 eruta
1369 1814 1569 1869 (Louvre
1613 1817 1651 1858 A
1688 1817 1794 1873 331,
1848 1815 1970 1858 Salz—

254 1905 394 1934 mann
428 1892 520 1944 33),
575 1890 745 1932 formae
794 1889 1055 1932 Corinthiae
1089 1888 1343 1946 (Ionicae):
1395 1891 1567 1933 labrum
1617 1891 1814 1933 exterius
1848 1890 1968 1932 linea

252 1974 375 2009 torta
397 1972 597 2015 ornatur,
630 1965 841 2007 humerus
876 1978 993 2008 zona
1026 1971 1270 2022 reseruata,
1303 1966 1351 2007 in
1374 1978 1463 2021 qua
1495 1965 1680 2008 bernice
1702 1972 1969 2009 ornamenta

254 2040 450 2096 metopis
485 2045 532 2082 et
564 2038 801 2095 triglyphis
826 2038 986 2082 similia
1021 2039 1144 2095 picta
1178 2046 1299 2097 sunt,
1328 2045 1487 2083 uenter
1507 2040 1805 2096 palmularum
1838 2041 1966 2084 alter·
2044 2078 2051 2080 ν

253 2115 461 2158 nantium
494 2128 610 2157 zona
633 2114 981 2156 Phoeniciarum
1014 2115 1233 2157 similium.

405 2188 447 2234 7.
482 2196 643 2245 patera
677 2189 882 2232 Parisina
916 2188 1116 2252 (Louvre
1148 2191 1187 2232 A
1222 2191 1326 2243 332,
1364 2189 1604 2235 Salzmann
1639 2188 1734 2246 34),
1767 2191 1967 2233 eiusdem

254 2268 427 2309 formae
471 2273 613 2322 atque
647 2265 857 2321 originis:
912 2265 1100 2308 interior
1149 2280 1253 2321 pars
1302 2266 1510 2321 palmulis
1560 2273 1606 2309 et
1653 2266 1734 2309 loti
1784 2266 1967 2309 floribus

254 2341 380 2383 trinis
414 2341 573 2383 stellae
607 2341 652 2383 in
704 2340 904 2395 speciem
939 2341 1204 2396 compositis
1239 2347 1404 2384 ornata
1436 2347 1518 2396 est,
1577 2354 1693 2397 quae
1726 2343 1889 2384 eadem
1922 2341 1969 2382 in

253 2423 413 2472 patera
445 2429 591 2458 aenea
624 2415 866 2458 Niniuitica
900 2415 1094 2470 (Layard
1134 2416 1175 2457 ΙΙ
1210 2418 1267 2460 58
1288 2415 1330 2472 c)
1363 2423 1616 2461 cernuntur.

405 2490 447 2533 8.
482 2496 642 2546 patera
675 2489 982 2533 Berolinensis
1033 2487 1191 2546 (AIhb.
1232 2491 1250 2533 Ι
1288 2488 1395 2545 143)
1449 2491 1652 2535 eiusdem
1686 2490 1888 2534 formae:
1922 2490 1968 2538 in

255 2565 382 2609 labro
417 2565 643 2607 exteriore
679 2565 799 2607 linea
832 2571 965 2615 torta,
1000 2565 1043 2606 in
1078 2565 1267 2607 humero
1302 2565 1469 2608 fasciae
1503 2566 1681 2621 plexae,
1729 2566 1775 2607 in
1809 2571 1969 2608 uentre

258 2642 336 2684 loti
372 2641 530 2683 florum
585 2647 631 2683 et
681 2641 881 2696 calycum
913 2653 1028 2683 zona
1064 2639 1250 2684 Milesiis
1285 2640 1438 2683 similis
1489 2647 1537 2683 et
1585 2639 1744 2684 bacilla
1776 2653 1832 2682 ex
1865 2651 1968 2686 rosa

254 2722 370 2766 orta,
409 2729 499 2771 qua
536 2715 656 2771 olim,
692 2722 939 2770 antequam
972 2728 1053 2771 pes
1090 2716 1429 2771 adiungeretur,
1475 2715 1629 2757 infima
1659 2728 1762 2770 pars
1797 2715 1968 2757 uentris

256 2791 515 2834 ornabatur.
571 2790 793 2832 interioris
827 2790 968 2844 partis
1017 2789 1215 2832 medium
1265 2796 1394 2832 tenet
1443 2803 1547 2832 rosa
1590 2803 1758 2845 magna
1802 2789 1968 2832 circulo

255 2865 474 2921 inscripta
510 2861 586 2921 (cf.
620 2878 663 2919 p.
692 2861 786 2917 243,
825 2863 905 2918 26)
939 2864 1254 2921 palmulisque‚
1287 2864 1444 2919 quales
1476 2863 1522 2906 in
1555 2863 1782 2919 amphoris
1817 2861 1904 2919 (nr.
1928 2868 1966 2913 1.

254 2948 301 2983 et
336 2940 400 2996 2.)
436 2946 633 2990 exstant,
683 2945 899 2995 quattuor
939 2940 1103 2989 cincta,
1157 2952 1276 2994 quae
1325 2939 1405 2981 loti
1438 2939 1606 2995 calyce,
1654 2952 1756 2982 rosa
1804 2939 1967 2982 circulo

251 3016 484 3072 inscripta,
518 3015 685 3071 polypo
720 3014 796 3069 qui
830 3020 1020 3057 uocatur
1054 3014 1332 3057 diuiduntur.

399 3173 416 3201 1
442 3187 544 3224 quae
573 3175 693 3222 vulgo
723 3172 982 3219 ,‚Fikellura“
1010 3179 1213 3213 uocantur.

397 3238 416 3266 2
443 3241 608 3292 „purple
634 3241 742 3278 lotos
773 3240 850 3277 and
871 3239 969 3277 shell
998 3244 1169 3289 patterns
1190 3251 1240 3276 on
1269 3240 1407 3277 brown
1426 3238 1552 3290 glaze,
1580 3239 1733 3276 incised
1759 3240 1977 3279 outlinesf‘

2106 353 2126 406 φῖ
2114 293 2119 299 .
2107 78 2127 259 ,’Ἶ,’«.«ὶ,;,.-

2130 425 2134 427 «
2132 373 2136 388 ,,
2129 278 2143 317 m„
2130 241 2137 246 ,
