2168 3573
979 225 1199 265 ...14-

236 360 383 420 (Mon.
416 368 506 405 ant.
537 361 665 403 1811
700 359 803 402 Not.
839 360 883 403 d.
918 359 988 403 Sc.
1026 360 1162 407 1895,
1200 354 1312 415 167)
1353 365 1399 401 et
1432 359 1478 400 in
1512 359 1691 402 Etruria
1719 359 1943 416 permulta

236 437 513 480 ornamentis
566 434 851 491 geometricis
907 439 955 476 et
1009 433 1278 476 animalibus
1344 434 1564 476 decorata
1616 429 1761 491 (Gsell
1809 433 1942 478 Vulci
1987 460 1990 462 -

239 514 329 556 380
363 509 501 568 sqq.),
538 524 656 566 quae
692 523 793 551 cum
828 508 985 551 Siculis
1019 509 1103 550 illis
1138 509 1245 551 satis
1281 514 1403 551 arcta
1435 508 1652 551 affinitate
1686 510 1943 565 iunguntur.

228 589 489 643 exemplum
540 600 595 626 ex
628 591 744 626 terra
795 585 924 638 nigra
972 584 1140 626 factum
1186 584 1468 640 flabellisque
1518 585 1563 626 in
1611 584 1799 627 humero
1848 586 1940 628 dis-

233 664 393 720 positis
442 667 652 704 ornatum
687 659 838 702 Narce
883 665 1057 702 erutum
1108 666 1178 702 est
1213 656 1361 716 (Mon.
1399 666 1490 704 ant.
1523 659 1585 701 1V
1620 655 1764 717 305):
1817 660 1942 717 quod

235 740 462 780 Graecum
512 749 612 777 esse
656 742 702 776 et
738 736 903 777 lamina
936 741 1166 789 argentea,
1218 749 1309 790 qua
1343 736 1593 777 obductum
1640 741 1738 777 erat
1791 742 1835 777 et
1884 749 1942 777 eo

233 812 535 865 confirmatur,
585 810 710 864 quod
768 809 1019 866 antiquitus
1069 810 1290 852 refectum
1339 817 1421 855 est.
1481 810 1706 852 accedunt
1739 799 1938 855 Vindob.

235 890 318 931 191
358 893 403 928 et
436 885 620 940 Petrop.
658 886 746 928 211
784 886 1044 928 animalium
1080 898 1196 928 zona
1230 891 1452 928 ornatum.

381 961 458 1004 VI.
490 961 613 1002 urcei
661 960 796 1002 labris
830 960 987 1003 trifidis
1021 961 1242 1017 instructi,
1275 961 1446 1003 formae
1482 974 1598 1017 quae
1622 961 1798 1004 Milesia
1831 960 1941 1003 dici·

231 1044 313 1091 tur,
364 1050 462 1078 cum
499 1037 629 1077 huius
679 1036 788 1077 artis
841 1036 1033 1091 plurima
1085 1037 1292 1092 exempla
1343 1043 1538 1089 exstent,
1588 1037 1737 1079 uerius
1786 1043 1939 1079 autem

229 1113 382 1153 Ionica
433 1119 636 1154 uocetur.
681 1118 838 1153 nostra
894 1125 1004 1153 uasa
1039 1112 1257 1166 pleraque
1310 1112 1356 1154 in
1389 1112 1541 1154 infima
1590 1113 1759 1155 uentris
1809 1118 1941 1168 parte

229 1187 382 1228 radios
417 1186 655 1228 exhibent:
705 1186 891 1228 flabellis
926 1192 1087 1229 ornata
1123 1193 1229 1228 sunt
1265 1186 1414 1230 Berol.
1454 1188 1590 1239 1519,
1625 1187 1780 1230 Micali
1814 1187 1939 1230 Mon.

228 1263 286 1304 in.
324 1263 442 1318 27‚8‚
477 1262 739 1315 Virceburg.
777 1264 880 1312 440,
928 1263 1056 1303 cuius
1092 1262 1272 1303 labrum
1308 1263 1595 1316 serpentibus
1642 1262 1843 1316 plasticis
1875 1261 1939 1310 in-

229 1337 430 1391 signitur,
450 1337 567 1379 striis
586 1343 763 1378 tantum
785 1343 833 1378 et
854 1337 990 1379 radiis
1015 1336 1163 1380 Berol.
1189 1337 1496 1397 1535—1537
1521 1336 1599 1388 (cf.
1627 1337 1763 1380 1538.
1783 1335 1938 1392 1539),

228 1414 430 1469 squamis
466 1413 723 1467 exemplum
749 1412 995 1462 Clusinum,
1041 1412 1170 1453 lineis
1199 1412 1338 1469 tortis,
1373 1412 1502 1462 rosis,
1539 1411 1755 1466 squamis,
1788 1410 1939 1452 fasciis

227 1489 373 1544 plexis
413 1489 560 1531 Berol.
601 1488 733 1532 1534.
788 1488 1016 1530 accedunt
1052 1487 1295 1542 complura,
1329 1500 1447 1541 quae
1486 1485 1743 1528 animalium
1776 1498 1939 1527 zonam

225 1564 365 1607 radiis
398 1570 444 1605 et
485 1563 673 1604 flabellis
708 1562 1028 1618 interpositam
1078 1562 1315 1617 praebent,
1366 1561 1493 1603 uelut
1532 1559 1685 1602 Micali
1718 1560 1845 1604 Mon.
1878 1561 1937 1606 in.

229 1642 303 1694 27,
338 1641 379 1683 6.
420 1641 460 1689 7,
516 1638 706 1693 Neapol.
740 1639 843 1682 216.
890 1639 993 1681 222.
1046 1638 1151 1687 413,
1209 1637 1389 1692 Petrop.
1448 1636 1550 1681 158.
1606 1637 1711 1695 211,
1760 1635 1939 1680 Canina

229 1714 346 1756 Veio
381 1714 471 1757 tab.
514 1713 586 1764 34,
624 1714 848 1756 152inter
878 1712 1089 1754 animalia
1125 1712 1315 1767 saepius*
1344 1712 1465 1754 cerui
1500 1712 1665 1754 damae
1699 1719 1940 1755 occurrunt

226 1789 399 1843 (Micali
434 1790 538 1842 27,7
573 1795 620 1829 et
655 1787 835 1842 Petrop.
875 1789 975 1832 158.
1006 1786 1129 1842 211),
1182 1794 1422 1844 praeterea
1471 1787 1697 1843 panthera
1728 1801 1940 1844 capream
2018 1834 2028 1835 ⁷⁷

226 1863 431 1905 faucibus
483 1870 647 1904 tenens
684 1862 852 1911 (Micali
886 1858 1013 1918 27,6)
1068 1869 1114 1903 et
1151 1876 1299 1909 canes.
1352 1862 1541 1904 fortasse
1576 1863 1700 1904 aurei
1733 1860 1951 1918 (Petrops

226 1941 331 1989 211,
366 1939 421 1981 cf.
456 1952 592 1993 supra
622 1952 663 1991 p.
701 1934 750 1993 9)
784 1938 1072 1980 memorandi
1111 1945 1231 1982 sunt.

373 2012 471 2056 VII.
506 2013 627 2054 urcei
662 2012 814 2068 exiles,
864 2012 999 2054 labris
1035 2012 1242 2054 rotundis
1294 2012 1516 2068 instructi,
1570 2013 1629 2054 ad
1664 2013 1938 2068 exemplaria

225 2101 369 2130 aenea
420 2086 574 2143 (quale
621 2088 745 2131 Mon.
803 2094 896 2131 ant.
931 2087 994 2129 IV
1030 2086 1140 2142 302)
1192 2087 1779 2145 conformati:Vindobon.
1833 2089 1934 2137 192,

224 2163 412 2205 flabellis
447 2162 690 2204 dimidiatis
724 2162 768 2203 in
803 2162 990 2204 humero
1021 2161 1251 2216 dispositis
1287 2168 1500 2205 ornatus:
1521 2163 1576 2205 cf.
1614 2163 1805 2208 Boston.
1843 2165 1936 2209 254

225 2251 268 2291 p.
306 2240 362 2280 97
398 2238 652 2280 Robinson.

379 2311 498 2354 VIII.
534 2310 654 2353 urcei
680 2311 853 2359 utribus
877 2310 1056 2364 similes,
1092 2309 1263 2352 formae
1289 2309 1575 2354 Corinthiae:
1612 2310 1758 2355 Narce
1786 2325 1938 2355 exem·

223 2386 348 2440 plum
382 2391 560 2427 erutum
594 2391 663 2427 est
690 2384 833 2441 (Mon.
869 2390 963 2428 ant.
997 2384 1078 2440 IV,
1109 2383 1235 2442 304),
1272 2387 1395 2440 quod
1420 2386 1662 2432 Etruscum
1700 2399 1805 2440 esse
1824 2387 1936 2431 Bar·

220 2462 411 2503 nabeius
448 2462 597 2503 tradit.
633 2461 687 2505 cf.
711 2462 902 2504 Boston.
939 2462 1028 2504 255
1063 2475 1105 2516 p.
1144 2463 1201 2504 97
1237 2461 1490 2507 Robinson.
1896 2513 1900 2516 ἢ

372 2537 450 2580 ΙΧ.
502 2537 667 2591 pocula
700 2535 872 2578 formae
907 2536 1111 2578 Etruscis
1146 2536 1397 2591 antiquitus
1432 2537 1628 2579 usitatae
1674 2543 1815 2594 atque
1846 2536 1937 2578 iam

225 2624 362 2666 supra
411 2612 529 2652 inter
582 2624 694 2652 uasa
740 2612 870 2666 nigra
919 2612 1173 2653 uetustiora
1221 2618 1546 2653 enumeratae:
1596 2617 1733 2667 quam
1781 2618 1936 2654 tamen

226 2685 415 2729 Graecis
461 2684 536 2727 hic
591 2685 817 2742 subiunxi,
868 2685 1084 2741 quoniam
1138 2685 1306 2728 eadem
1340 2685 1524 2730 Ionicae
1557 2682 1760 2742 quoque*
1793 2686 1936 2737 classi,

224 2761 379 2803 Cumis
436 2761 628 2802 fortasse
678 2761 945 2803 tribuendae
968 2759 1000 2815 ¹,
1053 2762 1293 2815 peculiaris
1351 2769 1435 2805 est.
1490 2762 1701 2817 exempla
1755 2768 1938 2804 exstant

222 2837 414 2893 plurIma
447 2835 637 2879 flabellis
673 2842 847 2888 ornata,
888 2836 1013 2879 uelut
1046 2837 1194 2880 Berol.
1233 2838 1557 2891 1468—1474,
1592 2835 1794 2877 Vindob.
1832 2836 1936 2892 176,

372 3009 387 3037 ¹
417 3012 467 3048 de
496 3011 569 3047 hac
609 3015 700 3059 post
743 3010 1039 3047 Duemmlerum
1083 3011 1184 3056 (RM
1208 3012 1261 3058 ΙΙ)
1303 3010 1461 3048 ultimus
1497 3012 1544 3050 E.
1573 3011 1727 3048 Pottier
1769 3009 1935 3061 (Album

222 3077 260 3116 d.
290 3087 390 3115 mus,
424 3077 461 3115 d.
491 3089 601 3125 prov.
634 3077 720 3114 livr.
752 3075 834 3124 2s3‚
865 3075 935 3124 71)
968 3087 1081 3111 urceo
1119 3076 1246 3112 adhuc
1274 3077 1412 3122 ignoto
1434 3077 1540 3113 edito
1569 3077 1767 3115 disseruit.
1795 3077 1937 3125 pocula

220 3143 425 3192 complura
455 3141 672 3188 Monachii,
720 3143 798 3178 duo
827 3142 868 3178 in
896 3141 1046 3177 Fainae
1075 3142 1230 3180 comitis
1259 3143 1434 3192 aedibus,
1464 3155 1584 3179 unum
1611 3145 1776 3180 Bonnae
1803 3143 1935 3180 adser-

221 3215 371 3248 vantur.
406 3209 579 3258 exempla
608 3209 820 3247 ediderunt
840 3209 981 3245 Lauius
1012 3209 1170 3247 Griech.
1193 3209 1282 3245 Vas.
1313 3209 1391 3246 tab.
1411 3208 1434 3247 6
1464 3214 1501 3246 et
1520 3208 1799 3246 Micalistoria
1813 3208 1877 3260 96,
1895 3209 1935 3260 4.
