2168 3573
569 533 989 597 Sententiae
1034 539 1586 600 controuersiae.

311 809 342 853 I.
368 809 545 853 Platon.
582 810 782 867 Euthyd.
817 825 860 867 p.
898 814 1047 856 273A
1078 825 1312 869 propono:
1361 810 1438 857 καὶ
1471 809 1638 858 ἄλλοι
1688 810 1806 870 ἅμα
1858 809 1942 859 αὖ
2026 818 2034 823 “

365 883 601 943 πολλοί,
654 885 914 941 μαθηταὶ
966 885 1070 943 ἐμοὶ
1104 887 1293 933 δοκεῑν;
1345 886 1549 943 μαθηταὶ
1598 885 1695 945 ἅμα
1743 885 1803 933 αὖ
1849 885 1929 946 (αὖ

368 976 456 1005 om.
492 957 554 1018 T)
588 960 762 1007 πολλοί
796 963 891 1008 ΒΤ.

276 1037 336 1079 ΙΙ.
368 1036 554 1093 Dionys.
590 1038 744 1094 Sinop.
778 1038 820 1080 II
855 1040 944 1083 457
981 1040 1024 1081 Κ
1058 1040 1318 1082 scribendus
1353 1046 1424 1082 est
1458 1052 1525 1084 uS.
1561 1041 1624 1083 2:

370 1109 581 1164 γυάλαι
633 1110 886 1164 δικότυλοι,
922 1110 1203 1171 τρικότυλοι,
1251 1113 1409 1169 δεῖνος
1441 1112 1602 1169 μέγας·
1640 1111 1798 1171 (γύναι
1834 1115 1931 1156 libri

367 1188 594 1230 Athenaei
617 1188 688 1231 XI
712 1190 801 1232 467
824 1190 884 1231 d:
920 1186 1112 1233 κοτύλαι
1146 1189 1359 1232 Meineke
1380 1206 1389 1233 :
1425 1187 1594 1245 κύμβαι
1617 1190 1730 1233 coni.
1757 1189 1928 1245 Kock).

273 1264 489 1319 IILquae
540 1263 806 1307 Athenaeus
856 1264 923 1306 XI
957 1265 1046 1308 496
1080 1280 1106 1306 e
1156 1271 1392 1308 enumerat
1441 1262 1614 1321 ῥέοντα
1664 1266 1772 1308 nihil
1821 1272 1927 1308 'sunt

363 1339 449 1381 nisi
484 1335 632 1394 ῥυτάε
684 1345 925 1394 utrumque
960 1352 1126 1381 nomen
1173 1340 1230 1381 ab
1265 1352 1349 1382 usu
1401 1340 1518 1382 uasis
1554 1340 1810 1383 deriuatum
1844 1347 1924 1386 est.

259 1414 337 1459 IV.
359 1415 527 1457 Athen.
565 1415 628 1456 XI
651 1417 740 1458 502
763 1416 814 1458 b:
851 1413 1099 1470 βαλανωτὴ
1125 1412 1288 1470 φιάλη,
1324 1411 1381 1470 ἧς
1416 1417 1483 1472 τῷ
1525 1414 1724 1472 πυθμένι
1757 1416 1929 1472 χρυσοῖ

362 1486 614 1534 ὑπέκειντο
648 1485 955 1545 ἀστράγαλοι.
987 1491 1152 1533 errauit
1185 1491 1465 1546 Athenaeus,
1503 1492 1721 1547 quoniam
1755 1488 1923 1548 φιάλαι

364 1564 635 1621 βαλανωταί
669 1574 855 1622 paterae
902 1574 1007 1609 sunt
1038 1568 1276 1623 glandibus
1311 1568 1567 1624 anaglyptis
1620 1575 1808 1612 ornatae
1841 1569 1919 1622 (cf.

360 1636 480 1686 Ohn.
516 1642 704 1684 Richter
737 1642 916 1697 Kypros
951 1643 1043 1686 tab.
1083 1645 1185 1693 198,
1220 1644 1282 1696 3).

288 1715 345 1758 V.
366 1716 667 1772 Asclepiades
700 1717 958 1772 Myrleanus
1009 1718 1119 1759 libro
1153 1714 1258 1773 περὶ
1290 1717 1375 1772 τῆς
1410 1715 1703 1776 Νεστορίδος
1755 1720 1922 1776 scripto

357 1807 451 1834 non
497 1794 557 1835 de
592 1793 797 1836 Nestoris
848 1800 1024 1836 tantum
1073 1794 1250 1849 poculo,
1303 1795 1385 1836 sed
1434 1795 1644 1837 uniuerse
1693 1796 1752 1838 de
1802 1796 1922 1838 uasis

360 1867 616 1910 Homericis
651 1869 758 1923 egit.

262 1943 341 1987 VI.
362 1943 587 1987 Victorias
641 1958 817 2001 aureas,
870 1958 986 1999 quae
1039 1945 1085 1986 in
1136 1944 1490 2000 Hecatompedo
1541 1947 1919 2002 adseruabantur,

356 2019 476 2061 bello
530 2019 922 2075 Peloponnesiaco
974 2019 1097 2063 fusas
1148 2018 1366 2075 (Philoch.
1403 2019 1584 2062 FHGI
1637 2018 1748 2078 403)
1798 2034 1918 2065 saec.

355 2094 435 2137 IV.
494 2108 672 2137 summa
722 2108 830 2136 cura
874 2094 1067 2136 refectas
1119 2107 1221 2136 esse
1272 2106 1440 2136 censeo
1490 2092 1610 2151 (CIA
1652 2094 1718 2136 IV
1768 2109 1810 2151 p.
1845 2097 1923 2153 77,

356 2172 440 2214 331
461 2185 499 2215 e.
535 2169 658 2213 BCH
694 2170 791 2214 XII
825 2169 949 2224 289).

233 2245 338 2288 VII.
363 2244 502 2286 Tituli
535 2245 791 2285 Bonnensis
828 2245 948 2286 3114
999 2242 1095 2299 (BJ.
1133 2242 1205 2299 78,
1243 2239 1352 2300 136)
1387 2250 1610 2286 extremus
1659 2258 1818 2288 uersus
1855 2245 1919 2287 sic

354 2321 579 2374 legendus
599 2326 693 2362 est:
717 2319 763 2360 in
781 2313 972 2374 f(ronte)
993 2315 1176 2373 p(edes)
1196 2318 1346 2361 XIIX.
1371 2319 1415 2359 in
1438 2316 1645 2374 r(ecess
1661 2316 1710 2374 u)
1733 2317 1917 2375 p(edes)

353 2394 505 2445 XIIX,
541 2393 731 2435 formula
766 2392 943 2435 Galliae
978 2391 1251 2448 Cisalpinae,
1287 2393 1410 2435 unde
1444 2394 1514 2435 cui
1546 2394 1726 2436 titulum
1759 2406 1917 2436 seruus

350 2471 504 2526 posuit
536 2469 597 2514 M.
624 2469 859 2513 Petronius
888 2469 1094 2511 Flosclus
1129 2469 1346 2511 oriundus
1382 2468 1478 2523 fuit,
1511 2469 1705 2526 propria.
1731 2469 1789 2513 cf.
1814 2468 1917 2513 CIL

351 2546 394 2588 v
429 2548 565 2591 3500.
602 2546 736 2590 3562.
772 2533 922 2588 3863.'

218 2622 334 2666 VIII.
352 2623 405 2664 In
455 2622 666 2665 Herculis
719 2627 852 2664 scuto
900 2620 1140 2663 Hesiodeo
1175 2621 1276 2663 Eris
1327 2634 1542 2677 expressa
1592 2620 1775 2664 omnino
1825 2633 1916 2662 non

348 2704 460 2741 erat.
498 2697 554 2741 cf.
591 2697 864 2739 Studniczka
898 2696 1028 2739 Serta
1061 2696 1234 2738 Hartel.
1267 2710 1319 2756 p.¹
1349 2698 1514 2741 65—6.

247 2773 329 2816 IX.
354 2773 615 2828 Amphorae
671 2786 791 2828 quae
847 2773 1090 2815 affectatae
1146 2778 1367 2814 uocantur
1419 2768 1569 2828 (Gsell
1621 2771 1751 2815 Vulci
1807 2772 1913 2816 502.

350 2849 692 2903 Furtwaengler
726 2848 940 2892 Muench.
975 2848 1010 2890 F
1015 2847 1176 2890 uehrer
1211 2844 1291 2901 25)
1325 2860 1419 2889 non
1457 2848 1655 2898 Atticae,
1689 2848 1773 2890 sed
1795 2847 1914 2889 Ioni·
1992 2840 2003 2847 ’

342 2937 423 2966 cae
457 2923 643 2979 originis
676 2930 796 2968 sunt.
