2168 3573
959 209 1180 249 -26-

218 348 384 398 tectae,
408 343 585 398 punctis
601 336 1214 396 nonnumquamimpositis¹
1232 346 1370 396 atque
1395 340 1523 383 lineis
1546 341 1730 397 scalptis
1747 353 1931 396 perraro

217 418 440 473 adhibitis,
458 418 662 461 Ionieam
688 416 912 472 pingendi
935 416 1157 458 rationem
1175 416 1532 471 antiquissimam
1556 430 1664 472 prae
1687 429 1737 459 se
1761 415 1926 468 ferunt,

216 493 358 548 qualis
394 499 438 535 et
471 493 587 535 uasis
613 492 798 534 Milesiis
822 498 870 534 et
895 491 1181 547 sarcophago
1213 490 1506 534 Clazomenio
1532 489 1677 546 (BCH
1707 488 1926 548 1895‚71)

215 567 469 611 illustratur.
505 568 623 610 inter
646 573 915 610 ornamenta
946 573 1129 624 praeter
1164 580 1287 610 rosas
1312 567 1479 610 circulo
1513 567 1763 624 inscriptas,
1810 555 1944 624 quaes

214 644 259 684 in
292 644 460 698 pateris
484 644 669 686 Milesiis
693 656 875 698 quoque
901 643 1128 685 nonnullis
1161 643 1363 701 medium
1387 644 1535 685 locum
1559 649 1731 698 tenent,
1749 643 1929 686 flabella

213 716 425 773 imprimis
458 718 756 760 memoranda
785 723 903 768 sunt,
946 717 1108 773 quibus
1138 730 1247 759 uasa
1280 724 1434 760 nostra
1468 730 1570 760 cum
1604 707 1785 774 scalptis
1817 731 1930 762 con·

216 795 484 848 iunguntur-
531 794 850 848 pantherarum
909 793 1080 847 laruae,
1130 804 1247 848 quae
1296 793 1424 835 malis
1470 793 1828 836 auerruncandis
1883 793 1930 835 in

213 868 371 924 hydria
416 875 572 911 nostra
620 869 744 911 iuxta
791 881 923 910 ansas
973 867 1223 923 dispositae
1269 873 1388 919 sunt,
1433 868 1626 910 eaedem
1674 867 1721 910 in
1771 867 1930 924 hydria

214 943 402 985 fortasse
440 942 675 985 Corinthia
736 941 858 998 (Cat.
890 941 1127 997 Campana
1161 941 1205 984 11
1237 938 1314 997 43)
1364 948 1617 992 occurrunt,
1660 942 1826 985 similes
1876 943 1922 985 in
1971 958 1975 959 ⁷

212 1019 371 1074 hydria
407 1018 592 1062 Monac.
652 1020 785 1069 1039,
835 1018 986 1061 classis
1034 1017 1148 1060 illius
1198 1018 1430 1068 Etruscae,
1481 1019 1542 1060 de
1587 1030 1678 1074 qua
1711 1016 1928 1060 Duemm-

214 1094 331 1136 ierus
369 1090 479 1150 (RM
517 1094 578 1136 111
616 1090 719 1140 159)
756 1093 863 1149 egit,
909 1093 955 1135 in
989 1093 1150 1150 uagina
1184 1092 1522 1136 Vettersfeldae
1565 1080 1750 1148 reperta
1781 1093 1929 1146 (Furt-

212 1170 441 1226 waengler
473 1170 630 1214 Goldf.
667 1185 708 1214 ν.
741 1170 799 1213 V.
833 1170 923 1214 tab.
962 1170 1003 1219 3,
1054 1165 1110 1225 1),
1162 1169 1206 1211 in
1243 1168 1416 1212 laminis
1469 1168 1679 1212 eburneis
1723 1169 1925 1212 incertae

214 1245 398 1301 originis
437 1244 600 1301 (Smith
636 1247 662 1290 l.
688 1260 722 1289 c.
752 1244 876 1301 217),
926 1245 1121 1301 denique
1154 1245 1199 1287 in
1234 1259 1347 1287 urna
1380 1245 1543 1301 tugurii
1580 1244 1707 1302 simili
1739 1234 1924 1288 Floren-

214 1321 308 1362 tina
359 1320 486 1374 (Not.
538 1322 583 1364 d.
617 1321 688 1364 Sc.
728 1318 915 1374 1884ί5,
963 1316 1074 1376 674)
1124 1327 1171 1361 et
1219 1320 1262 1361 in
1318 1319 1497 1362 frontali
1556 1319 1805 1366 Caroliruh.
1842 1320 1928 1365 787

213 1394 540 1450 (Schumacher
561 1395 720 1439 Praen.
743 1395 866 1439 Ciste
882 1393 975 1451 79).
995 1418 1042 1424 —
1062 1394 1273 1438 animalia
1292 1394 1395 1437 nihil
1414 1394 1650 1450 singularis
1674 1396 1927 1452 praebent:

214 1472 290 1513 leo
325 1473 470 1514 alatus
508 1478 555 1513 et
589 1484 730 1526 equus
762 1471 953 1531 Ionicae*
979 1470 1086 1513 artis
1119 1470 1300 1526 proprii,
1337 1485 1364 1512 a
1397 1469 1631 1513 Corinthia
1666 1470 1760 1513 fere
1793 1471 1929 1514 alieni

217 1554 339 1591 sunt.
377 1548 582 1589 centauri
605 1562 712 1589 vero
736 1546 920 1589 humani
942 1560 1127 1603 capreas
1151 1552 1360 1589 tenentes
1394 1546 1440 1588 in
1474 1546 1750 1590 ornamentis
1782 1548 1930 1591 aureis

217 1624 383 1667 Camiri
443 1625 580 1666 erutis
628 1620 887 1680 (Salzmann
941 1623 1031 1668 tab.
1095 1620 1154 1680 1),
1210 1624 1395 1666 arbores
1451 1622 1644 1666 humeris
1697 1623 1934 1680 impositas

212 1705 426 1755 gerentes
484 1700 528 1740 in
594 1699 713 1742 uasis
771 1698 922 1741 formis
990 1698 1251 1755 cylindratis
1302 1698 1529 1754 impressis
1585 1705 1633 1740 et
1689 1698 1829 1755 nigris
1881 1705 1929 1742 et

213 1775 357 1816 rubris
409 1780 605 1818 exstant.
674 1774 788 1816 ratio
851 1773 1059 1816 homines
1119 1774 1386 1817 animalibus
1438 1773 1761 1829 interponendi
1824 1787 1929 1816 cum

213 1849 326 1891 cista
379 1850 577 1890 eburnea
629 1848 811 1891 Clusina
857 1849 1077 1904 congruit,
1129 1862 1249 1904 quae
1299 1855 1345 1890 et
1391 1848 1516 1904 bigas
1561 1847 1834 1890 simillimas²
1885 1855 1930 1892 et

212 1937 378 1979 nauem
413 1936 515 1966 cum
549 1923 869 1980 amphorarum
904 1929 1159 1967 nostrarum
1195 1925 1235 1968 2.
1272 1930 1318 1967 et
1352 1924 1392 1968 3.
1424 1922 1617 1967 nauibus
1652 1937 1920 1981 comparan-

212 2000 320 2042 dam
356 1999 554 2042 exhibet.
590 1999 645 2042 cf.
681 1999 820 2041 etiam
855 2012 1044 2041 urceum
1078 1999 1291 2055 Cyprium
1334 1999 1440 2042 artis
1476 1998 1925 2055 Graecophoeniciae

213 2073 430 2123 (Cesnola
455 2075 630 2132 Cyprus
663 2077 755 2121 tab.
794 2072 875 2132 45)
911 2082 957 2117 et
992 2075 1174 2118 fibulam
1204 2075 1447 2119 Boeotiam
1474 2073 1609 2132 (Eph.
1645 2075 1768 2119 arch.
1809 2075 1926 2120 1892

214 2151 308 2194 tab.
348 2149 437 2206 11),
484 2151 528 2192 in
559 2165 648 2206 qua
681 2157 729 2192 et
778 2150 877 2206 ipsa
926 2150 1033 2192 naui
1066 2150 1277 2192 animalia
1328 2150 1489 2193 addita
1523 2156 1641 2194 sunt.
1680 2145 1925 2206 —·³singu-

213 2226 312 2268 laris
348 2226 512 2269 chorus
537 2233 606 2268 est
628 2227 672 2268 in
696 2226 856 2282 hydria
879 2233 1035 2268 nostra
1066 2226 1261 2268 brachiis
1285 2226 1480 2268 inuicem
1503 2227 1629 2269 nexis
1663 2239 1922 2282 expressus,

213 2300 355 2358 qualis
396 2308 577 2359 praeter
610 2301 738 2360 signa
773 2300 1085 2359 antiquissima
1120 2313 1269 2345 aenea
1303 2299 1544 2359 Olympiae
1577 2306 1706 2345 eruta
1736 2298 1826 2363 (Ol.
1863 2299 1926 2343 lV

213 2378 303 2420 tab.
342 2380 414 2426 16,
452 2381 555 2420 263.
591 2392 634 2434 p.
669 2376 875 2432 41—42)
910 2379 956 2418 in
993 2391 1084 2420 una
1112 2379 1236 2433 quod
1269 2379 1409 2419 sciam
1442 2378 1660 2432 amphora
1693 2376 1928 2427 Corinthia

212 2452 514 2510 Londinensi,
565 2466 683 2509 quae
718 2467 775 2496 ex
809 2452 964 2496 Ionica
1014 2458 1110 2496 arte
1146 2459 1242 2496 tota
1285 2452 1461 2509 pendet
1493 2449 1630 2511 (Mus.
1673 2451 1741 2497 Br.
1780 2451 1815 2495 B
1854 2453 1926 2504 36,

213 2527 389 2571 Passeri
442 2527 550 2572 Pict.
603 2536 684 2573 etr.
735 2528 797 2569 111
847 2529 951 2582 228,
1004 2529 1194 2588 Koerte,
1246 2528 1470 2572 Festschr.
1521 2528 1550 2569 f.
1596 2529 1752 2571 Brunn
1805 2525 1926 2583 28⁴2)

214 2610 418 2659 apparet,
468 2617 569 2645 cum
601 2604 646 2644 in
702 2604 865 2646 ceteris
900 2603 1028 2646 huius
1076 2603 1180 2646 aeui
1210 2600 1452 2659 operibus3
1498 2603 1661 2660 figurae
1714 2603 1928 2652 manibus

364 2750 379 2775 ¹
406 2753 503 2787 ratio
533 2764 699 2800 corpora
726 2753 878 2800 punctis
900 2753 1083 2800 explendi
1104 2753 1372 2800 antiquissima
1392 2758 1473 2790 est:
1502 2754 1645 2801 Tiryns
1673 2754 1753 2791 tab.
1779 2752 1838 2791 15.
1859 2753 1923 2791 21.

210 2817 257 2856 cf.
286 2817 546 2864 fragmentum
575 2817 880 2855 Naucratiticum
909 2818 1142 2869 (Naukratis
1171 2819 1191 2855 I
1220 2819 1297 2857 tab.
1327 2816 1365 2868 5,
1394 2817 1464 2867 44)
1495 2824 1534 2856 et
1562 2818 1725 2856 uascula
1763 2818 1926 2867 figurata

210 2897 307 2932 quae
336 2885 459 2929 uulgo
489 2884 697 2920 Corinthia
726 2883 916 2928 dicuntur,
947 2886 1016 2921 sed
1045 2891 1125 2921 tota
1155 2898 1201 2921 ex
1229 2886 1366 2921 Ionica
1393 2891 1471 2922 arte
1499 2886 1686 2934 pendent.

361 2946 380 2973 2
407 2955 514 2986 rotae
544 2954 823 2997 quaternorum
859 2951 1068 3000 radiorum,
1113 2951 1296 2998 operibus
1335 2951 1557 3000 Mycenaeis
1599 2950 1747 2987 Atticis
1789 2950 1924 2987 Corin-

213 3015 309 3052 thiis
337 3015 526 3063 propriae,
555 3015 595 3050 in
624 3015 770 3051 Ionicis
800 3028 886 3052 raro
917 3023 1136 3060 occurrunt,
1166 3021 1207 3052 ut
1234 3016 1275 3052 in
1304 3016 1490 3064 amphora
1509 3016 1670 3053 Milesia
1696 3015 1800 3063 Eph·
1822 3015 1927 3054 arch.

215 3080 331 3125 1892,
361 3081 438 3118 tab.
472 3079 532 3128 12,
573 3081 613 3116 in
641 3093 719 3117 ouo
748 3081 1112 3119 struthiocamelino
1151 3093 1268 3130 supra
1298 3087 1620 3131 commemorato,
1660 3081 1703 3118 in
1743 3080 1928 3131 amphora

212 3148 368 3184 Monac.
401 3145 475 3185 151
506 3147 654 3196 (Micali
683 3147 811 3185 Storia
842 3147 924 3198 95).

362 3210 379 3238 3
405 3218 448 3249 ut
474 3218 605 3261 patera
632 3216 760 3252 Idalia
787 3217 928 3253 Perrot
955 3217 1017 3253 111
1052 3215 1142 3262 673,
1187 3215 1375 3264 amphora
1402 3214 1545 3253 Clitiae
1573 3219 1610 3253 et
1638 3210 1844 3262 Ergotir'ni,
1875 3214 1928 3251 la-
