2168 3573
1003 252 1226 291 ...21-

265 385 307 426 X
341 385 456 434 3021,
489 384 604 427 Bull.
650 386 784 439 1878,
821 381 928 439 130)
965 385 1154 427 arctiore
1184 383 1403 426 affinitate
1428 397 1529 425 cum
1565 384 1664 426 ouis
1690 384 1972 427 coniunctis:

269 472 386 514 quae
435 472 576 514 opera
608 459 715 502 artis
752 459 933 502 lonicae
967 459 1309 515 antiquissimae
1363 473 1512 515 neque
1545 460 1782 502 elementis
1817 459 1973 502 alienis

270 534 502 594 admixtae
552 535 725 591 optima
785 536 991 591 exempla
1045 548 1148 578 esse
1202 549 1369 577 censeo
1383 531 1412 576 1.
1480 536 1607 590 quod
1657 535 1692 577 si
1738 535 1783 576 in
1852 535 1980 577 uasis

266 610 403 664 nigris
450 610 645 666 scalptis,
696 624 812 667 quae
854 626 881 653 a
931 611 1098 667 scypho
1132 611 1447 653 Vetuloniensi
1496 611 1735 667 seiungere
1787 611 1974 652 omnino

266 671 357 728 non
404 686 519 743 licet,
575 686 790 728 nonnulla
825 686 1210 742 deprehendimus
1260 693 1512 728 ceterorum
1564 699 1683 742 quae
1734 699 1974 729 enumera-

269 761 415 805 'u-imus
452 775 638 818 operum
690 762 768 804 uni
800 763 872 805 uel
906 762 1034 816 alteri
1067 763 1326 819 peculiaria,
1379 769 1425 805 et
1459 762 1603 805 solum
1654 762 1873 818 scyphum
1915 776 1971 804 ex

271 843 369 879 tota
394 837 500 880 artis
523 837 637 880 illius
671 837 799 888 serie,
826 851 881 879 ex
915 851 1005 892 qua
1038 850 1151 880 uasa
1183 838 1311 892 nigra
1342 838 1516 894 scalpta
1539 838 1759 892 pendent,
1793 843 1974 892 tempus

266 912 420 954 tulisse
477 918 675 968 reputes,
731 919 778 954 et
812 913 919 955 talia
948 925 1041 955 non
1093 913 1170 954 uni
1220 918 1396 955 tantum
1440 913 1585 963 classi,
1637 914 1720 955 sed
1757 912 1840 955 toti
1890 913 1974 954 arti

268 986 454 1029 Ionicae
501 988 711 1029 orientali
761 988 1003 1029 tribuenda
1046 1000 1161 1031 esse.
1211 993 1347 1042 atque
1397 988 1442 1028 in
1475 993 1603 1029 tanta
1650 987 1973 1043 exemplarium

266 1069 509 1104 aeneorum
547 1061 704 1116 inopia
737 1075 872 1117 quam
909 1062 1090 1104 maximi
1124 1062 1341 1104 momenti
1375 1074 1487 1103 uasa
1521 1061 1673 1104 fictilia
1705 1068 1825 1111 sunt,
1861 1075 1972 1116 quo-

266 1136 387 1178 niam
422 1150 479 1178 ex
513 1136 581 1178 his
615 1136 692 1178 illa
716 1136 846 1192 quasi
881 1135 1061 1178 reficere
1102 1148 1375 1191 possumus:
1411 1135 1456 1177 id
1493 1137 1618 1190 quod
1652 1149 1753 1178 cum
1785 1136 1830 1178 in
1853 1136 1975 1178 uasis

266 1211 403 1265 nigris
437 1211 622 1265 scalptis
657 1210 919 1258 fecerimus,
972 1211 1062 1252 iam
1097 1211 1156 1251 ad
1191 1210 1377 1252 alteram
1413 1211 1606 1252 classem
1641 1212 1973 1253 transeundum

267 1291 353 1336 est,
387 1285 496 1328 satis
531 1291 655 1328 arcta
689 1285 910 1329 affinitate
945 1299 1048 1328 cum
1081 1285 1163 1327 illis
1198 1285 1502 1330 coniunctam.

550 1456 638 1506 lv,
694 1456 766 1505 De
800 1456 942 1506 uasis
975 1456 1149 1517 nigris
1183 1457 1237 1505 et
1271 1457 1456 1505 rubris
1489 1456 1668 1518 pictis.

425 1561 572 1617 Figuli
621 1574 723 1603 cum
773 1561 913 1604 lineas
965 1561 1012 1603 in
1064 1561 1186 1603 uasis
1234 1561 1397 1604 incisas
1451 1560 1675 1604 coloribus
1727 1560 1976 1616 explerent,

270 1638 330 1678 ad
368 1649 535 1678 nouam
583 1637 806 1679 rationem
853 1636 985 1678 facile
1020 1637 1386 1691 deducebantur,
1446 1642 1496 1677 ut
1529 1637 1695 1678 reiecta
1747 1636 1976 1690 scalptura

269 1718 537 1753 ornamenta
587 1710 760 1753 eisdem
807 1711 1031 1753 coloribus
1078 1711 1124 1752 in
1178 1711 1298 1752 uasis
1355 1711 1569 1752 adcurate
1621 1710 1829 1765 expolitis
1873 1710 1975 1764 pin-

269 1791 443 1839 gerent.
492 1798 643 1840 neque
678 1786 846 1827 desunt
880 1785 1191 1828 uetustissima
1243 1785 1373 1827 huius
1406 1785 1512 1828 artis
1548 1785 1770 1841 exempla,
1827 1784 1976 1840 qualia

271 1861 521 1918 fragmenta
553 1867 659 1903 sunt
680 1861 808 1916 nigra
832 1860 958 1903 lineis
989 1860 1129 1903 rubris
1162 1867 1336 1918 ornata,
1371 1874 1487 1917 quae
1512 1861 1753 1903 Koerteius
1777 1860 1975 1903 Thessa-

268 1938 447 1981 lonicae
479 1937 692 1993 repperit‚
743 1938 814 1978 uel
861 1938 992 1979 rubra
1041 1937 1318 1979 ornamentis
1367 1937 1653 1992 geometricis
1688 1937 1800 1980 albis
1836 1937 1974 1978 deco-

254 2008 380 2067 rata,
430 2013 577 2068 qualia
626 2012 742 2055 inter
775 2012 908 2054 Petrii
943 2025 1055 2054 uasa
1094 2011 1318 2055 Thebana
1349 2010 1572 2055 exstant2.
1623 2019 1762 2067 atque
1807 2012 1972 2053 eadem

418 2183 434 2210 1
462 2197 585 2233 neque
612 2185 828 2222 Phoenicia
855 2181 983 2233 neque
1012 2186 1178 2221 Etrusca
1215 2198 1291 2222 oua
1330 2198 1415 2222 esse
1453 2198 1536 2222 cum
1572 2186 1711 2222 litteris
1742 2186 1904 2223 Graecis
1933 2187 1974 2222 in

271 2251 324 2288 eis
353 2251 486 2288 incisis
515 2256 594 2288 tum
623 2256 705 2287 tota
746 2256 828 2288 arte
865 2251 1149 2302 comprobatur.
1206 2252 1341 2288 Ionica
1384 2257 1473 2288 sunt
1515 2258 1554 2289 et
1596 2252 1789 2300 animalia,
1832 2264 1973 2289 ceruus

272 2317 395 2364 dama,
438 2327 555 2352 canes
585 2317 690 2352 aurei
731 2316 794 2364 (cf.
823 2328 937 2364 supra
966 2329 1005 2364 p.
1035 2316 1090 2364 9),
1132 2317 1268 2352 leones
1311 2317 1437 2352 crucis
1479 2318 1520 2352 in
1561 2318 1723 2352 formam
1766 2318 1974 2365 compositi

272 2379 339 2431 (cf.
369 2393 484 2431 supra
513 2394 552 2430 p.
584 2379 683 2432 19)‚·
698 2394 836 2431 grypes
865 2382 1026 2431 auisque
1055 2383 1187 2432 grypis
1216 2383 1339 2431 capite
1368 2383 1592 2433 instructus,
1635 2384 1703 2431 qui
1732 2395 1812 2420 non
1840 2384 1976 2420 Corin-

271 2449 390 2492 thius,
436 2449 507 2484 sed
535 2449 696 2485 Ionicus
724 2436 838 2498 typus
869 2456 937 2496 est,
965 2454 1002 2486 et
1031 2455 1270 2497 ornamenta,
1311 2450 1499 2497 imprimis
1535 2450 1724 2496 triangula
1751 2451 1972 2494 cancellata,

273 2526 371 2562 quae
410 2515 547 2555 eadem
588 2515 629 2551 in
671 2516 795 2552 urceis
832 2515 1070 2565 Aeginetico
1115 2514 1243 2563 (Mon.
1272 2516 1338 2551 IX
1366 2514 1408 2564 5)
1453 2521 1490 2552 et
1517 2515 1684 2553 Rhodio
1724 2515 1845 2564 (Mus.
1876 2517 1974 2554 Brit.

271 2584 312 2618 A
338 2580 660 2620 34-Duemm1er
689 2581 819 2622 AIhb.
847 2581 906 2618 VI
935 2580 1028 2629 268)
1059 2581 1226 2618 Milesiis
1268 2581 1475 2618 simillimis
1517 2586 1630 2630 atque
1675 2582 1715 2618 in
1760 2583 1866 2619 uasis
1896 2583 1972 2618 Mi-

272 2647 378 2685 lesiis
409 2653 447 2684 et
489 2648 733 2697 protoatticis
766 2653 984 2686 occurrunt.
1014 2648 1157 2684 iniuria
1184 2659 1278 2684 uero
1307 2647 1495 2684 Smithius
1525 2648 1632 2696 (IHS
1650 2649 1756 2684 XIV
1776 2646 1868 2696 216)
1899 2661 1976 2685 oua

272 2713 457 2750 Naucrati
483 2715 580 2750 facta
611 2726 698 2751 esse
727 2714 938 2757 contendit,
970 2714 1185 2760 fragmento
1218 2714 1325 2750 nisus
1354 2714 1408 2750 ibi
1437 2718 1545 2750 eruto
1573 2713 1807 2762 (Naukratis
1837 2715 1857 2750 I
1886 2716 1967 2753 tab.

276 2778 339 2823 20,
359 2778 433 2829 15),
450 2781 555 2827 quod
570 2780 711 2829 myrthi
729 2791 874 2816 ramum
895 2780 1055 2816 exhibet
1071 2784 1109 2816 et
1125 2780 1245 2826 longe
1265 2780 1489 2816 recentioris
1510 2780 1601 2815 artis
1621 2791 1749 2827 neque
1770 2780 1976 2829 scalptum,

277 2846 348 2883 sed
378 2858 546 2885 erosum.
604 2846 843 2883 simillimam
873 2846 958 2883 ouis
987 2852 1120 2890 artem,
1160 2846 1230 2883 sed
1267 2846 1345 2884 iam
1374 2846 1502 2882 minus
1532 2858 1707 2883 seueram
1737 2852 1854 2895 atque
1882 2848 1976 2894 rigi·

276 2911 365 2947 dam
408 2913 570 2961 praebet
611 2914 707 2950 cista
753 2914 924 2950 eburnea
969 2912 1129 2949 Clusina
1170 2911 1298 2962 (Mon.
1325 2913 1369 2948 X
1396 2911 1447 2951 39
1464 2924 1496 2961 a,
1533 2911 1795 2950 Schumacher
1837 2914 1977 2953 Praen.

276 2979 384 3016 Ciste
412 2978 495 3028 52),
526 2991 627 3019 saec.
656 2981 726 3018 VI.
755 2981 807 3020 in.
837 2980 1063 3018 tribuenda:
1105 2978 1226 3026 paulo
1264 2979 1451 3015 uetustior
1488 2978 1643 3015 uidetur
1678 2979 1774 3015 cista
1811 2980 1979 3018 eburnea

277 3051 315 3082 et
343 3046 429 3094 ipsa
458 3046 631 3095 Clusina,
659 3048 708 3083 ab
737 3047 932 3093 Helbigio
962 3045 1081 3092 (Bull.
1112 3044 1228 3093 1878,
1260 3042 1350 3092 130)
1378 3044 1584 3092 descripta,
1626 3057 1727 3092 quae
1767 3046 1869 3082 inter
1899 3048 1980 3083 ani-

274 3111 393 3148 malia
424 3111 631 3160 sphingem
660 3117 771 3149 ueste
800 3112 977 3150 indutam
1007 3115 1045 3147 et
1073 3110 1206 3165 leones
1237 3121 1346 3146 crura
1379 3109 1546 3147 humana
1583 3110 1762 3148 saucibus
1796 3116 1975 3151 tenentes

275 3176 338 3224 (cf.
369 3189 484 3224 supra
512 3190 549 3224 p.
579 3178 620 3225 6)
650 3178 822 3215 exhibet.

423 3238 442 3266 ²
470 3242 532 3278 his
561 3242 873 3289 subiungendum
904 3247 963 3278 est
991 3253 1063 3279 uas
1087 3253 1108 3277 a
1136 3240 1336 3278 Clemenio
1367 3252 1412 3277 ex
1441 3239 1630 3287 Aegypto
1660 3237 1836 3274 Bonnam
1873 3236 1980 3274 dela-
