2168 3573
1030 221 1260 261 „19-

288 407 290 409 μ
449 353 610 411 Neque
646 355 777 411 igitur
807 354 1080 410 Aegyptium
1114 354 1251 396 fuisse
1286 354 1363 409 qui
1396 353 1613 410 scyphum
1647 361 1849 396 nostrum
1885 353 2004 411 fecit,

297 430 502 485 quamuis
553 431 765 487 exemplis
805 419 1040 487 Aegyptiis
1087 442 1195 472 usus
1231 429 1302 481 sit,
1351 429 1460 486 ipsis
1495 429 1827 486 angustioribus
1879 431 2004 472 zonis

295 507 525 561 probatur,
561 507 853 550 confirmatur
875 493 1121 562 latioribus,
1157 519 1344 561 quarum
1367 505 1582 548 animalia
1615 519 1708 547 non
1734 507 2002 562 Aegyptiam

295 587 450 636 artem,
489 583 573 624 sed
605 582 808 626 Ionicam
833 578 1088 639 (elementis
1123 581 1397 636 quibusdam
1425 580 1681 624 Phoeniciis
1717 582 2003 625 contamina-

294 653 404 712 tam)
447 671 554 712 prae
603 671 654 699 se
699 657 868 701 ferunt:
918 657 1068 713 qualia
1119 657 1276 699 leones
1325 662 1432 698 sunt
1466 656 1667 712 linguam
1715 657 2003 713 proicientes,

295 731 406 773 alter
437 733 542 774 iuba
567 733 639 774 ad
653 734 845 775 caudam
872 739 1088 788 protensa
1107 738 1297 777 ‚ornatus
1331 729 1406 787 (cf.
1441 745 1576 787 supra
1608 746 1651 787 p.
1679 729 1726 787 9)
1763 738 1809 773 et
1831 738 2003 782 taurus,

288 806 421 847 cuius
471 819 619 848 armus
668 808 847 860 punctis
899 807 1137 860 indicatur,
1186 808 1311 862 quod
1362 808 1485 847 idem
1537 807 1583 847 in
1620 808 1741 848 uasis
1792 807 2002 848 fictilibus

297 880 617 936 antiquissimis
665 895 758 924 non
806 895 905 924 raro
954 878 1207 937 apparetl:
1258 887 1499 936 praeterea
1560 888 1790 924 extremae
1841 882 2000 934 lineae,

295 940 507 1010 imprimis
541 938 705 998 *auium
735 957 913 999 istorum
940 957 1275 1011 triangulorum,
1329 969 1421 996 non
1455 969 1554 997 raro
1592 958 1776 1010 punctis
1809 963 2001 997 ornatae

297 1038 432 1072 sunt:
486 1031 563 1089 qui
613 1044 721 1073 usus
770 1031 939 1073 iamin
991 1030 1112 1072 uasis
1147 1030 1409 1085 Mycenaeis
1443 1031 1634 1072 occurrit
1684 1027 1871 1087 (Tiryns
1908 1032 2003 1075 tab.

301 1106 374 1155 14,
412 1107 484 1153 17,
517 1105 639 1159 Myk.
664 1105 776 1148 Vas.
812 1105 1011 1152 XXXIX
1037 1107 1143 1154 405,
1177 1106 1283 1157 407,
1318 1107 1422 1157 403,
1459 1105 1542 1146 XL
1568 1106 1656 1148 418
1673 1105 1733 1159 a),
1769 1106 1825 1147 ab
1849 1119 2002 1147 exem-

298 1179 382 1234 plis
415 1179 570 1221 aeneis
605 1187 761 1236 aperte
797 1180 1044 1223 deriuatus.
1082 1202 1142 1210 --
1178 1179 1281 1235 equi
1314 1180 1434 1235 alati,
1485 1179 1561 1235 qui
1595 1187 1643 1221 et
1685 1181 1783 1236 ipse
1819 1181 2003 1223 Ionicus

290 1260 432 1308 ,typus
467 1261 549 1304 est,
605 1256 811 1309 quamuis
858 1255 1000 1296 maior
1047 1266 1152 1309 pars
1188 1255 1430 1308 deperdita
1464 1255 1532 1304 sit,
1570 1261 1736 1306 tamen,
1793 1256 1841 1296 id
1877 1257 2004 1310 quod

299 1329 420 1372 haud
442 1329 820 1385 paruibmomenti
845 1336 932 1384 est,
967 1343 1067 1371 cum
1090 1342 1244 1384 grype,
1282 1330 1407 1371 cuius
1430 1337 1569 1384 caput
1603 1331 1747 1371 solum
1782 1338 2003 1383 seruatur,

301 1405 444 1446 crucis
478 1406 523 1445 in
561 1404 748 1446 formam
769 1417 873 1445 eum
907 1405 1204 1459 compositum
1229 1417 1331 1446 esse
1363 1411 1577 1459 apparet:
1614 1417 1733 1459 quae
1766 1406 1881 1446 ratio
1915 1406 2003 1447 iam

298 1479 344 1521 in
377 1479 568 1534 gemmis
617 1480 701 1523 illis
751 1479 1076 1530 uetustissimis,
1132 1492 1250 1534 quae
1285 1480 1504 1522 insulares
1552 1480 1777 1528 dicuntur,
1828 1482 2003 1536 saepius

297 1555 489 1597 occurrit
538 1568 719 1597 necnon
775 1555 821 1596 in
876 1568 965 1597 ouo
1020 1554 1434 1598 struthiocamelino
1489 1555 1663 1611 scalpto
1714 1553 1895 1611 (Perrot
1941 1555 2003 1597 111

290 1626 424 1688 856),
459 1632 583 1686 quod
616 1638 756 1673 artem
789 1632 946 1686 scyphi
983 1631 1170 1673 similem
1205 1633 1423 1686 praebere
1458 1632 1724 1674 uidebimus.

446 1705 622 1762 Grypes
656 1719 781 1762 uero,
815 1718 1004 1761 quorum
1030 1713 1184 1748 rostra
1218 1706 1372 1748 clausa
1395 1706 1525 1748 bullis
1562 1713 1731 1760 carent,
1768 1706 2000 1749 Phoenicii

297 1788 417 1833 sunt,
453 1787 592 1836 atque
624 1781 747 1822 idem
782 1781 841 1821 de
874 1780 1140 1834 sphingibus
1173 1781 1309 1830 ualet,
1352 1793 1470 1835 quae
1503 1781 1618 1835 inter
1650 1783 1795 1835 pedes
1831 1783 2000 1835 priores

301 1855 430 1910 quasi
464 1860 641 1896 uestem
673 1837 867 1909 gerunt:
902 1855 1025 1909 quod
1060 1860 1391 1902 ornamentum,
1445 1854 1709 1909 sphingibus
1744 1855 1999 1897 Phoeniciis

284 1930 536 1984 peculiare,
562 1930 750 1984 primum
774 1935 921 1970 ortum
945 1942 1043 1971 esse
1065 1929 1246 1971 uidetur
1268 1942 1294 1969 e
1318 1928 1467 1984 pinnis
1495 1930 1612 1971 inter
1642 1930 1784 1983 pedes
1809 1932 1994 1984 additis,

296 2005 454 2059 quales
501 2004 546 2044 in
578 2010 737 2058 patera
785 2016 931 2046 aenea
977 2003 1218 2046 Niniuitica
1244 2003 1441 2059 (Layard
1475 2003 1517 2046 II
1551 2002 1630 2059 68)
1689 2011 1827 2060 atque
1861 2005 1997 2046 etiam

298 2079 344 2120 i‘n
377 2079 492 2120 cista
542 2079 743 2124 eburnea
777 2077 961 2120 Clusina
1011 2077 1154 2134 (Mon.
1191 2079 1232 2120 X
1268 2076 1396 2135 39:01),
1447 2091 1565 2133 quae
1615 2085 1768 2121 tamen
1810 2080 1996 2122 Ionicae

299 2153 481 2208 originis
507 2160 644 2209 atque
669 2153 932 2196 recentioris
954 2154 1117 2196 aetatis
1154 2160 1239 2209 est,
1273 2159 1510 2208 apparent.
1546 2155 1629 2196 sed
1661 2154 1751 2195 iam
1784 2155 1999 2210 sphinges

299 2229 526 2270 eburneae
560 2234 636 2276 vet
697 2228 823 2283 ipsae
878 2227 1041 2270 Niniue
1096 2234 1254 2270 erutae
1302 2240 1394 2269 non
1448 2228 1624 2284 pinnas,
1689 2229 1770 2270 sed
1825 2236 2000 2271 uestem

300 2303 519 2345 exhibent
550 2300 752 2360 (Layard
776 2302 797 2343 I
831 2304 905 2352 89,
941 2302 1095 2345 Perrot
1126 2303 1175 2346 11
1208 2300 1329 2358 534).
1366 2303 1593 2344 accedunt
1628 2310 1815 2357 paterae
1838 2316 1999 2358 argen-

297 2385 402 2420 teae
441 2376 581 2432 (uelut
619 2378 735 2421 Mus.
771 2378 875 2421 Ital.
916 2377 973 2422 11.
1008 2378 1100 2421 tab.
1134 2379 1175 2433 6,
1221 2378 1407 2432 Layard
1447 2377 1493 2420 II
1531 2378 1589 2421 58
1620 2377 1672 2428 E,
1708 2377 1784 2432 68)
1819 2392 2002 2432 gemma

300 2453 404 2495 artis
450 2451 900 2508 Graecophoeniciae
948 2451 1170 2505 (Cesnola
1203 2450 1374 2507 Cyprus
1425 2451 1517 2493 tab.
1570 2452 1645 2507 37,
1704 2447 1797 2508 15),
1848 2459 2001 2496 statua

302 2529 423 2583 picta
457 2527 602 2570 fictilis
636 2529 681 2569 in
704 2528 852 2583 Cypro
886 2534 1065 2582 reperta
1096 2525 1229 2584 (lHS.
1263 2527 1355 2569 XII
1389 2529 1479 2569 tab.
1516 2525 1606 2582 10),
1641 2527 1838 2582 denique
1872 2528 2002 2569 situla

295 2592 446 2653 aenea
467 2602 765 2663 Praenestina
790 2597 1142 2659 (Archaeologia
1174 2603 1228 2645 41
1270 2602 1358 2645 tab.
1395 2596 1444 2657 6)
1479 2608 1615 2657 atque
1637 2608 1811 2643 cratera
1837 2614 2002 2657 argen-

294 2685 379 2721 tea
412 2678 666 2726 Caeretana
696 2678 795 2719 basi
844 2677 937 2719 alta
966 2677 1186 2719 instructa
1220 2675 1359 2729 (Mus.
1395 2676 1531 2731 Greg.
1568 2676 1585 2717 1
1622 2678 1675 2718 11
1725 2683 1771 2717 et
1811 2678 1863 2720 16
1898 2691 2001 2732 per—

299 2840 465 2888 tributis‚
495 2840 535 2876 in
563 2840 730 2889 Etruria,
763 2835 919 2888 Cypros
947 2839 1057 2875 Creta
1079 2839 1238 2887 repertis
1266 2838 1459 2874 interdum
1488 2843 1713 2875 occurrunt:
1745 2850 1845 2887 quae
1875 2830 2005 2875 tamen

299 2912 457 2956 paterae
485 2910 564 2943 arte
594 2917 615 2942 a
642 2905 790 2955 scypho
819 2910 955 2942 nostro
985 2905 1142 2941 omnino
1171 2904 1349 2941 diuersae
1377 2909 1475 2942 sunt.

448 2969 463 2997 ¹
492 2976 533 3007 ut
561 2971 600 3007 in
629 2971 763 3017 fragm.
780 2970 960 3019 Daphnis
980 2971 1098 3007 erutis
1114 2970 1207 3018 (AD
1227 2971 1267 3006 H
1281 2969 1363 3019 21),
1392 2969 1533 3006 tabella
1547 2968 1750 3005 Corinthia
1765 2969 1856 3015 (AD
1872 2971 1913 3005 11
1927 2969 2005 3016 24),

297 3024 630 3074 urceo'Gamedis
657 3038 816 3074 Boeotii
843 3036 1032 3086 (WVorl.
1063 3033 1178 3080 1888,
1210 3037 1266 3082 1):
1302 3047 1429 3072 armus
1458 3036 1558 3071 linea
1586 3035 1651 3070 uel
1681 3035 1784 3082 spira
1811 3035 2006 3072 indicatus

299 3102 371 3138 arti
396 3102 558 3138 Ionicae
584 3101 661 3137 fere
688 3101 890 3137 sollemnis
917 3106 997 3139 est:
1026 3101 1077 3145 cf„
1101 3112 1134 3138 e.
1164 3112 1201 3146 g.
1230 3100 1372 3136 loricas
1390 3100 1590 3148 Olympias
1618 3099 1822 3148 (Olympia
1839 3101 1899 3137 IV
1927 3099 2006 3147 58),

297 3178 456 3204 urceum
483 3167 756 3213 Aegineticum
786 3169 909 3213 (Mon.
939 3167 1016 3210 lx,
1045 3166 1097 3214 55,
1127 3179 1200 3203 oua
1229 3166 1587 3202 struthiocamelina
1618 3166 1730 3214 (infra
1760 3178 1785 3214 p
1815 3165 1882 3215 20)
1914 3180 2007 3204 uasa

298 3233 410 3281 nigra
441 3233 655 3270 uetustiora
682 3220 814 3283 (supra
840 3245 878 3282 p.
907 3233 960 3282 4).
