2168 3573
287 663 291 667 ’
345 669 477 721 Quae
511 669 581 712 hic
602 682 807 724 propono
830 655 1147 724 non-plenum
1182 674 1321 723 atque
1356 668 1613 710 absolutum
1648 681 1779 723 opus,
1817 669 1902 709 sed

195 740 335 799 prima
370 751 542 786 tantum
595 757 739 799 eaque
789 744 1053 799 imperfecta
1107 757 1210 786 esse
1261 743 1559 797 temptamina
1602 743 1769 797 primus
1803 743 1901 797 ipse

195 817 420 872 profiteor.
456 818 621 860 etenim
657 831 757 860 cum
791 818 879 860 iam
915 819 1088 859 dudum
1126 818 1241 858 inter
1274 830 1384 858 uasa
1418 817 1599 859 Graeca
1635 829 1755 861 saec.
1801 817 1900 858 V11.

197 893 447 947 grauissimi
492 894 709 936 momenti
756 907 857 936 esse
909 907 964 936 ea
1004 893 1353 949 perspexissem,
1405 893 1566 946 quibus
1597 893 1728 935 uariis
1764 892 1901 934 ratio·

200 968 332 1010 nibus
367 975 512 1010 atrum
548 969 745 1011 colorem
780 968 901 1023 figuli
935 968 1221 1017 indidissent,
1261 974 1307 1008 et
1339 968 1454 1009 inter
1488 980 1538 1009 se
1575 968 1727 1009 omnia
1759 967 1901 1009 affini-

197 1048 291 1084 tate
326 1044 524 1099 quadam
553 1044 793 1086 coniuncta
818 1056 934 1097 esse,
970 1056 1106 1099 quam
1130 1042 1476 1085 adcuratissime
1500 1042 1719 1098 originem
1744 1056 1899 1084 eorum

195 1124 332 1173 atque
365 1119 596 1160 historiam
635 1119 1001 1172 inuestigandam
1034 1118 1141 1159 mihi
1172 1117 1401 1172 proposui.
1450 1130 1554 1158 cum
1577 1130 1687 1158 uero
1711 1117 1900 1172 plurima

196 1206 343 1248 eaque
377 1193 622 1242 ‚clarissima
655 1206 826 1244 musea,
877 1193 1086 1235 Romana
1120 1193 1333 1248 imprimis
1370 1198 1507 1247 atque
1551 1191 1764 1249 Parisina‚
1816 1192 1901 1246 ipsi

134 1320 141 1326 .
196 1268 304 1310 mihi
337 1269 605 1324 perscrutari
640 1268 707 1311 fas
742 1281 834 1324 non
861 1269 1005 1319 fuerit,
1044 1281 1236 1324 cumque
1270 1281 1381 1310 uasa
1416 1268 1476 1309 de
1499 1267 1662 1323 quibus
1686 1267 1758 1308 hic
1791 1280 1899 1321 age—

187 1348 267 1389 ‚tur
299 1343 539 1404 pleraque·
565 1350 719 1400 spreta
768 1350 907 1399 atque
945 1343 1158 1400 neglecta
1192 1343 1371 1387 iaceant
1403 1356 1554 1398 neque
1588 1342 1632 1385 in
1669 1337 1899 1398 catalogos

197 1419 348 1461 omnia
381 1426 566 1474 recepta
599 1420 702 1470 sint,
757 1433 906 1476 neque
962 1420 1122 1476 plenos
1153 1420 1429 1475 singularum
1479 1420 1690 1461 classium
1725 1419 1898 1460 indices

193 1508 343 1549 neque
378 1502 548 1538 certum
583 1497 644 1538 de
680 1510 956 1551 unaquaque
1008 1497 1270 1552 quaestione
1313 1497 1527 1539 iudicium
1561 1496 1760 1551 proferre
1793 1509 1900 1551 pos-

195 1583 314 1612 sum:
351 1583 538 1626 quorum
576 1577 728 1613 tamen
751 1578 992 1627 utrumque
1022 1585 1126 1613 mox
1151 1577 1397 1614 retractata
1420 1577 1556 1626 atque
1578 1577 1711 1613 aucta
1734 1570 1896 1612 disser-

195 1644 371 1686 tatione
405 1651 714 1699 praestaturus
750 1659 862 1689 sum.
918 1646 1094 1688 interim
1129 1653 1397 1702 exoptatum
1430 1652 1573 1688 restat
1607 1629 1819 1698 officium,
1850 1652 1898 1687 ut

193 1719 358 1772 gratias
410 1733 541 1773 agam
575 1720 678 1762 uiris
713 1721 864 1762 doctis
907 1721 983 1776 qui
1025 1721 1279 1763 thensauris
1323 1721 1484 1775 quibus
1518 1719 1760 1775 praepositi
1792 1726 1898 1761 sunt

194 1793 392 1848 benigne
439 1807 514 1835 me
566 1794 842 1846 admiserunt
899 1801 1033 1851 atque
1083 1802 1133 1838 ut
1167 1808 1279 1838 uasa
1328 1795 1543 1837 nonnulla
1586 1793 1756 1849 publici
1791 1792 1897 1834 iuris

194 1867 389 1910 facerem
424 1876 766 1912 concesserunt:
802 1870 1015 1924 imprimis
1048 1871 1219 1913 Adolfo
1254 1869 1592 1922 Furtwaengler
1624 1868 1895 1911 Monacensi

195 1948 241 1984 et
277 1941 516 1985 Ludouico
550 1943 706 1985 Milani
743 1944 1016 1999 Florentino,
1067 1946 1143 2000 qui
1178 1946 1397 1988 beneuole
1431 1944 1735 1987 studiis-meis
1771 1942 1896 1984 faue—

194 2023 311 2065 runt,
348 2016 518 2058 deinde
551 2016 716 2065 Carolo
749 2015 985 2070 Baumann
1020 2019 1398 2076 Mannhemiensi,
1434 2018 1598 2062 Carolo
1623 2017 1785 2059 Franci
1810 2016 1895 2059 Or-

150 2106 152 2109 *
194 2092 394 2142 nietam,
416 2093 550 2135 Petro
571 2093 823 2135 Nardi-Dei
837 2093 1036 2143 Clusino,
1052 2095 1185 2136 Erico
1204 2095 1392 2137 Pernice
1410 2093 1709 2142 Berolinensi,
1728 2091 1894 2134 Carolo

193 2151 292 2210 Si‘ttl
310 2166 671 2228 Virceburgensi‚
693 2168 913 2211 Eduardo
936 2168 1130 2225 Wagner
1151 2169 1499 2219 Caroliruhensi‚
1519 2181 1700 2210 necnon
1720 2167 1755 2208 F
1760 2167 1894 2209 ainae

194 2243 347 2284 comiti
380 2241 644 2293 Oruietano,
678 2243 754 2298 qui
789 2250 960 2298 quanta
992 2245 1258 2287 liberalitate
1281 2245 1513 2299 egregium
1536 2256 1665 2285 suum
1687 2255 1893 2295 museum

193 2317 381 2359 curiosis
415 2317 765 2360 examinandum
798 2318 1017 2374 praebeat
1057 2319 1316 2375 quicunque
1347 2319 1458 2362 illud
1490 2317 1779 2375 perlustrauit
1819 2331 1893 2360 ex-

191 2399 346 2446 pertus
384 2399 467 2434 est.

194 2549 234 2598 l.
285 2548 359 2599 De
393 2549 540 2600 uasis
573 2549 961 2601 uetustissimis
988 2563 1120 2612 quae
1143 2550 1302 2601 lineis
1327 2551 1514 2602 incisis
1538 2554 1730 2604 ornata
1753 2556 1895 2605 sunt.

342 2655 466 2699 Artis
513 2655 721 2718 figulinae
771 2655 979 2700 Graecae
1029 2669 1147 2713 quae
1197 2657 1382 2713 quidem
1433 2658 1643 2702 nouimus
1687 2659 1897 2715 exempla
1966 2689 1968 2691 -

193 2730 502 2785 antiquissima
536 2742 593 2772 ea
626 2732 803 2774 ratione
840 2732 945 2773 ficta
979 2738 1095 2782 sunt,
1131 2738 1178 2773 ut
1213 2745 1326 2774 uasa
1359 2746 1384 2773 e
1406 2739 1523 2775 terra
1555 2735 1656 2774 rudi
1690 2735 1895 2776 manibus

126 2826 140 2831 ’
195 2803 389 2848 formata
422 2804 614 2861 primum
647 2806 740 2862 igni
774 2805 953 2849 fumoso
977 2807 1330 2862 imponerentur,
1367 2808 1552 2864 deinde,
1579 2822 1681 2851 cum
1711 2808 1895 2864 fuligine

194 2871 336 2923 totam
371 2881 543 2924 cretam
579 2888 878 2936 permanante
901 2881 1076 2937 nigrum
1101 2883 1299 2943 colorem
1326 2883 1576 2932 duxissent,
1611 2883 1702 2938 igni
1737 2889 1894 2938 aperto

195 2963 511 3013 coquerentur,
562 2969 651 3013 quo
691 2957 861 3000 factum
896 2963 978 3015 est,
1030 2964 1079 3000 ut
1129 2964 1264 3014 prout
1313 2958 1405 3013 igni
1450 2958 1778 3001 uehementiori
1816 2965 1898 3002 aut

192 3032 400 3074 debiliori
432 3046 514 3087 per
548 3033 723 3087 longius
773 3039 850 3075 aut
885 3033 1064 3075 breuius
1094 3033 1308 3088 temporis
1360 3033 1553 3087 spatium
1598 3046 1711 3075 uasa
1757 3037 1898 3089 expo-

190 3113 418 3159 nerentur,
459 3113 536 3150 aut
570 3107 769 3150 colorem
802 3108 923 3150 illum
947 3108 1118 3164 nigrum
1141 3108 1403 3163 retinerent,
1438 3114 1530 3165 aut,
1567 3108 1684 3151 sicut
1716 3109 1763 3150 in
1787 3109 1898 3151 late·

191 3182 310 3223 ribus
365 3183 616 3235 coquendis
670 3183 851 3235 accidit,
905 3185 1039 3224 rubra
1073 3184 1244 3232 fierent,
1306 3184 1375 3224 uel
1430 3172 1687 3237 utriusque
1718 3184 1897 3232 coloris,
1940 3230 1945 3234 .

1639 3269 1656 3305 1
