2168 3573
989 274 1195 314 —36-
1762 297 1765 300 Α
1872 240 1950 312 ΧΥ

237 411 421 454 rudibus
456 406 621 466 (Berol.
656 407 911 451 192—194.
949 402 1090 462 1378)
1127 406 1370 460 coniuncta
1407 405 1556 457 fuerit,
1591 406 1665 449 uel
1698 405 1807 451 inde
1838 417 1951 450 uasa

237 493 391 529 nostra
424 485 468 526 in
502 483 675 525 Etruria
709 481 826 524 facta
860 494 953 522 non
988 493 1090 522 esse
1125 480 1366 524 indicatur.

385 562 628 603 Praeterea
683 556 952 610 simpliciora
1006 569 1191 611 quoque
1248 556 1463 612 exempla
1519 562 1773 607 occurrunt,
1828 568 1948 611 quae
2009 614 2018 623 Ι

233 634 435 692 palmulis
469 630 721 675 Phoeniciis
756 630 930 673 omissis
965 630 1350 693 semicirculorum
1403 637 1580 674 tantum
1614 631 1738 673 zonis
1787 635 1949 673 ornata

231 718 361 754 sunt:
397 723 513 765 quae
547 722 650 750 cum
684 714 729 749 et
762 707 918 761 argilla
953 714 1090 763 atque
1123 708 1306 750 bernice
1360 702 1732 762 nigra'subuiridi
1768 714 1815 750 et
1850 712 1951 750 tota

237 792 332 829 arte
381 799 480 827 cum
513 784 594 826 illis
628 772 901 838 congruant,
950 783 1128 831 secerni
1165 784 1222 826 ab
1272 784 1337 826 eis
1372 796 1465 825 non
1509 784 1716 838 pos-sunt.
1766 788 1945 839 praeter

232 860 448 916 lecythos‚
487 859 729 909 alabastra,
774 858 985 914 scyphos,
1022 872 1183 901 urceos
1226 860 1503 903 Milesiorum
1559 858 1723 900 similes
1740 855 1772 914 ¹,
1831 860 1949 914 quae

233 938 402 979 rariora
446 942 700 990 occurrunt,
748 934 921 977 formae
957 935 1087 978 huius
1123 936 1252 978 seriei
1286 936 1493 991 propriae
1528 929 1631 977 sunt
1667 947 1828 978 urceus
1863 935 1950 977 utri

229 1011 377 1053 similis
411 1006 468 1065 (e.
503 1023 546 1063 g.
588 1009 714 1051 Gsell
749 1009 880 1052 Vulci
931 1011 1018 1053 487
1055 1011 1145 1070 tab.
1177 1010 1223 1053 II
1257 1012 1298 1065 2,
1322 1010 1468 1052 Berol.
1509 1011 1626 1054 1259
1661 1009 1735 1064 al.)
1772 1015 1820 1051 et
1853 1023 1949 1052 arn-

237 1085 411 1143 phora²
444 1086 615 1128 formae
639 1086 892 1141 singularis,
925 1086 1049 1129 cuius
1074 1087 1237 1128 collum
1263 1101 1289 1129 a
1314 1099 1502 1141 corpore
1540 1085 1802 1128 distinctum
1834 1084 1948 1127 infra

237 1162 371 1204 anulo
407 1174 510 1202 cum
556 1160 745 1203 humero
775 1148 1081 1217 coniungitur,
1133 1162 1335 1203 medium
1384 1161 1518 1204 anulo
1552 1161 1692 1216 duplo
1744 1160 1950 1216 cingitur,

237 1237 395 1294 quales
431 1236 519 1278 hoc
552 1237 654 1279 loco
688 1236 734 1278 in
767 1236 996 1292 amphoris
1050 1243 1095 1279 et
1128 1237 1297 1293 hydriis
1334 1236 1577 1279 Corinthiis
1622 1235 1947 1279 recentioribus
2015 1234 2018 1238 ’

234 1319 446 1367 exstant3
481 1313 658 1354 labrum
691 1313 978 1354 incuruatum
1011 1319 1149 1368 atque
1187 1325 1326 1355 ansae
1364 1313 1482 1355 latae
1515 1312 1756 1367 fasciisque
1784 1312 1949 1355 similes

230 1387 393 1430 striata
429 1392 547 1438 sunt,
584 1400 748 1442 corpus
783 1393 1077 1430 uentruosum
1111 1399 1254 1442 paruo
1287 1387 1410 1443 pede
1442 1386 1597 1429 nititur
1610 1383 1640 1431 3.
1690 1384 1834 1430 toturn
1866 1400 1948 1429 uas

234 1465 294 1505 ad
330 1464 608 1517 exemplaria
644 1478 670 1503 e
704 1463 880 1504 laminis
932 1464 1088 1504 aeneis
1123 1465 1263 1505 ducta
1297 1463 1555 1505 confectum
1609 1476 1709 1505 esse
1743 1470 1946 1518 apparet.

233 1546 279 1582 et
315 1538 562 1595 amphorae
598 1545 645 1580 et
690 1539 814 1581 urcei
861 1552 917 1581 ea
950 1539 1124 1582 ratione
1175 1538 1321 1581 ornati
1365 1544 1485 1589 sunt,
1538 1544 1587 1580 ut
1636 1538 1720 1581 toti
1765 1539 1948 1597 bernice

236 1616 528 1663 inducantur,
563 1615 766 1669 exceptis
801 1614 1002 1668 humero,
1047 1615 1092 1655 in
1127 1627 1216 1668 quo
1251 1615 1412 1656 bacilla
1446 1615 1573 1657 rudia
1606 1614 1789 1656 bernice
1822 1605 1946 1671 picta

236 1696 354 1744 sunt,
405 1696 452 1731 et
499 1688 652 1732 infima
701 1689 872 1731 uentris
924 1695 1053 1745 parte
1108 1703 1251 1732 uacua
1302 1687 1502 1734 relicta4.
1554 1703 1716 1746 corpus
1769 1691 1947 1734 duabus

239 1766 621 1808 semicirculorum
653 1765 779 1807 zonis
828 1778 1004 1807 sursum
1039 1778 1360 1807 conuersorum
1408 1765 1616 1820 cingitur,
1664 1779 1783 1821 quae
1816 1766 1945 1808 lineis

236 1841 540 1897 compluribus
586 1840 697 1882 albis
732 1846 778 1881 et
810 1840 954 1882 rubris
990 1839 1168 1882 diuisae
1203 1847 1320 1885 sunt.
1371 1846 1609 1896 praeterea
1641 1841 1818 1884 ratione
1849 1856 1944 1884 non

231 1917 379 1959 minus
412 1915 643 1959 constanti
693 1915 806 1958 haec
841 1914 1115 1970 simpliciora
1169 1928 1282 1957 uasa
1316 1928 1452 1970 quam
1501 1917 1729 1968 ornatiora
1777 1917 1853 1974 illa
1899 1923 1945 1958 et

232 1993 341 2036 ficta
393 1999 438 2035 et
489 1994 710 2034 decorata
760 1995 865 2033 sunt
914 1997 1150 2046 artemque
1198 1991 1443 2046 antiquitus
1486 1992 1696 2035 traditam
1746 1998 1884 2048 atque
1919 2007 1946 2035 a

226 2068 372 2123 figulis
420 2068 528 2111 satis
579 2067 809 2124 prouectis
843 2067 1067 2109 excultam
1117 2072 1162 2108 et
1200 2066 1372 2109 formae
1414 2074 1653 2111 uenustae'
1690 2074 1830 2125 atque
1866 2069 1944 2111 ad-

230 2150 416 2185 curatae
451 2149 498 2184 et
548 2148 817 2184 ornamenta
857 2142 1201 2196 diligentissime
1233 2154 1449 2197 expressa
1470 2150 1752 2187 monstrant:
1785 2144 1945 2199 quibus

230 2218 363 2260 rebus
409 2216 518 2259 mihi
561 2216 747 2273 quidem
802 2230 895 2258 non
929 2215 1153 2259 Etruscae
1206 2210 1418 2259 officinae
1471 2230 1524 2260 ea
1555 2217 1795 2261 tribuenda
1814 2242 1820 2250 ·
1842 2231 1944 2262 esse

226 2294 454 2348 probatur,
508 2291 722 2346 quoniam
758 2291 976 2334 Etruscos
1011 2291 1195 2333 ineunte
1230 2304 1350 2336 saec.
1416 2290 1491 2335 Vl.
1541 2298 1631 2335 tam
1674 2299 1844 2336 certam
1877 2301 1943 2337 at·

219 2382 319 2426 que
368 2367 619 2423 perfectam
670 2373 814 2409 artem
869 2367 1077 2409 nondum
1130 2367 1326 2422 adeptos
1380 2379 1482 2409 esse
1531 2367 1651 2411 uasis
1702 2373 1827 2411 certo
1878 2369 1944 2412 eis

228 2443 519 2486 uindicandis
554 2441 860 2486 confirmatur.
1177 2444 1180 2447 ”

375 2519 539 2575 Neque
563 2531 676 2560 uero
712 2518 830 2574 figuli
853 2518 913 2560 illi
942 2518 1117 2560 circulis
1152 2523 1197 2560 et
1218 2518 1428 2573 palmulis
1454 2517 1709 2563 Phoeniciis
1736 2521 1958 2572 contenti.

228 2595 435 2637 fuerunt:
472 2594 639 2637 etenim
662 2594 708 2635 in
730 2607 868 2635 urceo
903 2594 1100 2635 Berolin.
1139 2594 1276 2643 1255,
1311 2595 1724 2651 ceterum-reliquis
1758 2595 1942 2651 prorsus

226 2670 373 2724 simili,
397 2683 514 2710 zona
536 2669 833 2724 palmularum
857 2668 1197 2723 interrumpitur
1215 2668 1312 2709 uiro
1335 2669 1461 2711 nudo
1486 2670 1719 2726 barbaque
1743 2677 1941 2725 carente,

370 2877 385 2905 ¹
416 2882 577 2917 formam
609 2892 644 2919 u.
677 2880 784 2917 Gsell
817 2881 937 2917 Vulci
965 2881 1041 2919 tab.
1070 2882 1110 2917 II
1142 2880 1184 2919 1:
1227 2882 1446 2931 exemplum
1489 2884 1653 2920 Bonnae
1696 2884 1939 2923 adseruatur.

370 2943 388 2970 2
415 2946 593 2985 Florent.
623 2947 732 2984 Vetr.
761 2948 781 2982 I
812 2946 928 2985 1611.
973 2946 1088 2996 1612,
1131 2948 1172 2983 ΙΙ
1203 2947 1307 2985 1614
1347 2961 1423 2984 una
1465 2961 1550 2986 cum
1591 2950 1715 2987 urceis
1755 2950 1940 2999 palmulis

224 3012 368 3048 ornatis
411 3012 572 3048 Pesciae
623 3014 829 3048 Romanae
873 3018 1022 3049 erutae:
1068 3013 1144 3048 alia
1185 3013 1358 3060 exempla
1387 3015 1539 3051 Oruieti
1581 3015 1741 3052 Corneti
1782 3017 1939 3053 Romae

224 3078 490 3116 adseruantur.
1406 3125 1408 3127 v

371 3140 388 3168 3
415 3149 549 3180 nostra
577 3143 656 3182 tab.
685 3145 725 3180 II
753 3143 791 3194 4,
821 3156 957 3192 parum
986 3144 1169 3181 adcurate
1200 3144 1407 3182 delineata.

367 3206 386 3234 4
414 3209 521 3245 urcei
551 3221 842 3258 nonnumquam
871 3210 1016 3247 bacilla
1051 3222 1209 3260 quoque
1246 3211 1285 3246 in
1314 3211 1474 3249 bernice
1504 3212 1650 3262 'scalpta
1688 3218 1727 3250 et
1765 3215 1935 3252 infimam

213 3277 361 3313 uentris
390 3282 537 3325 partem
567 3277 684 3313 radiis
714 3284 888 3315 ornatam
916 3279 1115 3327 praebent.
