<?xml version="1.0" encoding="UTF-8"?>
<!DOCTYPE html PUBLIC "-//W3C//DTD XHTML 1.0 Transitional//EN"
    "http://www.w3.org/TR/xhtml1/DTD/xhtml1-transitional.dtd">
<html xmlns="http://www.w3.org/1999/xhtml" xml:lang="en" lang="en">
 <head>
  <title>
</title>
<meta http-equiv="Content-Type" content="text/html;charset=utf-8" />
  <meta name='ocr-system' content='tesseract 3.04.00' />
  <meta name='ocr-capabilities' content='ocr_page ocr_carea ocr_par ocr_line ocrx_word'/>
</head>
<body>
  <div class='ocr_page' id='page_1' title='image "./4626155_0039.png"; bbox 0 0 2168 3573; ppageno 0'>
   <div class='ocr_carea' id='block_1_1' title="bbox 966 228 1913 299">
    <p class='ocr_par' dir='ltr' id='par_1_1' title="bbox 966 228 1913 299">
     <span class='ocr_line' id='line_1_1' title="bbox 966 228 1913 299; baseline 0.008 -7"><span class='ocrx_word' id='word_1_1' title='bbox 966 252 1013 259; x_wconf 94' lang='lat'><em>-</em></span> <span class='ocrx_word' id='word_1_2' title='bbox 1044 228 1097 271; x_wconf 77' lang='lat'>30</span> <span class='ocrx_word' id='word_1_3' title='bbox 1125 250 1174 261; x_wconf 79' lang='lat'>-</span> <span class='ocrx_word' id='word_1_4' title='bbox 1862 235 1913 299; x_wconf 47' lang='lat' dir='ltr'>x</span> 
     </span>
    </p>
   </div>
   <div class='ocr_carea' id='block_1_2' title="bbox 229 363 1964 422">
    <p class='ocr_par' dir='ltr' id='par_1_2' title="bbox 229 363 1964 422">
     <span class='ocr_line' id='line_1_2' title="bbox 229 363 1964 422; baseline -0.002 -15"><span class='ocrx_word' id='word_1_5' title='bbox 229 366 362 407; x_wconf 89' lang='lat' dir='ltr'>rubra</span> <span class='ocrx_word' id='word_1_6' title='bbox 399 364 552 408; x_wconf 89' lang='lat' dir='ltr'>formis</span> <span class='ocrx_word' id='word_1_7' title='bbox 604 370 764 407; x_wconf 88' lang='lat' dir='ltr'>ornata</span> <span class='ocrx_word' id='word_1_8' title='bbox 800 363 1090 407; x_wconf 87' lang='lat' dir='ltr'>usitatissima</span> <span class='ocrx_word' id='word_1_9' title='bbox 1138 371 1221 422; x_wconf 86' lang='lat' dir='ltr'>est,</span> <span class='ocrx_word' id='word_1_10' title='bbox 1275 365 1508 421; x_wconf 88' lang='lat' dir='ltr'>aliquanto</span> <span class='ocrx_word' id='word_1_11' title='bbox 1559 363 1781 416; x_wconf 88' lang='lat' dir='ltr'>diuersae,</span> <span class='ocrx_word' id='word_1_12' title='bbox 1833 371 1964 407; x_wconf 81' lang='lat' dir='ltr'>cum.</span> 
     </span>
    </p>
   </div>
   <div class='ocr_carea' id='block_1_3' title="bbox 218 419 1936 797">
    <p class='ocr_par' dir='ltr' id='par_1_3' title="bbox 218 419 1936 797">
     <span class='ocr_line' id='line_1_3' title="bbox 220 419 1936 497; baseline 0.001 -15"><span class='ocrx_word' id='word_1_13' title='bbox 220 442 430 483; x_wconf 85' lang='lat' dir='ltr'>umbilico</span> <span class='ocrx_word' id='word_1_14' title='bbox 464 441 556 482; x_wconf 89' lang='lat' dir='ltr'>alto</span> <span class='ocrx_word' id='word_1_15' title='bbox 591 440 859 495; x_wconf 87' lang='lat' dir='ltr'>circulisque</span> <span class='ocrx_word' id='word_1_16' title='bbox 878 446 926 482; x_wconf 92' lang='lat' dir='ltr'>et</span> <span class='ocrx_word' id='word_1_17' title='bbox 942 440 1164 496; x_wconf 83' lang='lat' dir='ltr'><strong>pediculis</strong></span> <span class='ocrx_word' id='word_1_18' title='bbox 1189 441 1422 496; x_wconf 86' lang='lat' dir='ltr'>quadratis</span> <span class='ocrx_word' id='word_1_19' title='bbox 1456 440 1686 497; x_wconf 87' lang='lat' dir='ltr'>quaternis</span> <span class='ocrx_word' id='word_1_20' title='bbox 1725 419 1936 496; x_wconf 74' lang='lat' dir='ltr'>praedita</span> 
     </span>
     <span class='ocr_line' id='line_1_4' title="bbox 221 516 1936 572; baseline 0.001 -15"><span class='ocrx_word' id='word_1_21' title='bbox 221 517 290 559; x_wconf 85' lang='lat' dir='ltr'>sit.</span> <span class='ocrx_word' id='word_1_22' title='bbox 340 517 382 557; x_wconf 94' lang='lat' dir='ltr'>in</span> <span class='ocrx_word' id='word_1_23' title='bbox 437 516 641 569; x_wconf 83' lang='lat' dir='ltr'>margine</span> <span class='ocrx_word' id='word_1_24' title='bbox 695 516 927 571; x_wconf 81' lang='lat' dir='ltr'>superiore</span> <span class='ocrx_word' id='word_1_25' title='bbox 975 522 1021 557; x_wconf 88' lang='lat' dir='ltr'>et</span> <span class='ocrx_word' id='word_1_26' title='bbox 1054 516 1100 558; x_wconf 94' lang='lat' dir='ltr'>in</span> <span class='ocrx_word' id='word_1_27' title='bbox 1133 516 1357 572; x_wconf 86' lang='lat' dir='ltr'>pediculis</span> <span class='ocrx_word' id='word_1_28' title='bbox 1408 516 1489 558; x_wconf 91' lang='lat' dir='ltr'>illis</span> <span class='ocrx_word' id='word_1_29' title='bbox 1524 516 1702 571; x_wconf 87' lang='lat' dir='ltr'>equites</span> <span class='ocrx_word' id='word_1_30' title='bbox 1754 522 1936 558; x_wconf 82' lang='lat' dir='ltr'>exstant</span> 
     </span>
     <span class='ocr_line' id='line_1_5' title="bbox 219 591 1935 648; baseline 0.001 -16"><span class='ocrx_word' id='word_1_31' title='bbox 219 591 362 633; x_wconf 87' lang='lat' dir='ltr'>forma</span> <span class='ocrx_word' id='word_1_32' title='bbox 396 591 599 646; x_wconf 86' lang='lat' dir='ltr'>impressi</span> <span class='ocrx_word' id='word_1_33' title='bbox 630 604 723 633; x_wconf 91' lang='lat' dir='ltr'>non</span> <span class='ocrx_word' id='word_1_34' title='bbox 757 592 1028 647; x_wconf 85' lang='lat' dir='ltr'>cylindrata,</span> <span class='ocrx_word' id='word_1_35' title='bbox 1071 593 1155 634; x_wconf 92' lang='lat' dir='ltr'>sed</span> <span class='ocrx_word' id='word_1_36' title='bbox 1188 594 1411 648; x_wconf 90' lang='lat' dir='ltr'>quadrata</span> <span class='ocrx_word' id='word_1_37' title='bbox 1445 598 1581 648; x_wconf 89' lang='lat' dir='ltr'>atque</span> <span class='ocrx_word' id='word_1_38' title='bbox 1615 591 1935 648; x_wconf 82' lang='lat' dir='ltr'>antiquissimis</span> 
     </span>
     <span class='ocr_line' id='line_1_6' title="bbox 220 664 1934 723; baseline 0.001 -16"><span class='ocrx_word' id='word_1_39' title='bbox 220 667 306 708; x_wconf 92' lang='lat' dir='ltr'>illis</span> <span class='ocrx_word' id='word_1_40' title='bbox 341 668 401 708; x_wconf 94' lang='lat' dir='ltr'>de</span> <span class='ocrx_word' id='word_1_41' title='bbox 436 668 598 722; x_wconf 91' lang='lat' dir='ltr'>quibus</span> <span class='ocrx_word' id='word_1_42' title='bbox 634 681 768 723; x_wconf 89' lang='lat' dir='ltr'>supra</span> <span class='ocrx_word' id='word_1_43' title='bbox 803 668 978 723; x_wconf 85' lang='lat' dir='ltr'>egimus</span> <span class='ocrx_word' id='word_1_44' title='bbox 1013 664 1075 723; x_wconf 83' lang='lat' dir='ltr'>(p.</span> <span class='ocrx_word' id='word_1_45' title='bbox 1099 666 1178 720; x_wconf 92' lang='lat'>10)</span> <span class='ocrx_word' id='word_1_46' title='bbox 1214 669 1355 711; x_wconf 90' lang='lat' dir='ltr'>simili.</span> <span class='ocrx_word' id='word_1_47' title='bbox 1391 668 1573 710; x_wconf 90' lang='lat' dir='ltr'>inferior</span> <span class='ocrx_word' id='word_1_48' title='bbox 1605 674 1760 710; x_wconf 88' lang='lat' dir='ltr'>autem</span> <span class='ocrx_word' id='word_1_49' title='bbox 1793 668 1934 710; x_wconf 87' lang='lat' dir='ltr'>lancis</span> 
     </span>
     <span class='ocr_line' id='line_1_7' title="bbox 218 742 1933 797; baseline 0.001 -13"><span class='ocrx_word' id='word_1_50' title='bbox 218 756 320 797; x_wconf 90' lang='lat' dir='ltr'>pars</span> <span class='ocrx_word' id='word_1_51' title='bbox 356 755 506 784; x_wconf 89' lang='lat' dir='ltr'>rosam</span> <span class='ocrx_word' id='word_1_52' title='bbox 541 748 649 784; x_wconf 87' lang='lat' dir='ltr'>octo</span> <span class='ocrx_word' id='word_1_53' title='bbox 683 742 894 785; x_wconf 88' lang='lat' dir='ltr'>foliorum</span> <span class='ocrx_word' id='word_1_54' title='bbox 938 749 983 785; x_wconf 87' lang='lat' dir='ltr'>et</span> <span class='ocrx_word' id='word_1_55' title='bbox 1016 744 1279 786; x_wconf 89' lang='lat' dir='ltr'>bacillorum</span> <span class='ocrx_word' id='word_1_56' title='bbox 1314 757 1472 786; x_wconf 88' lang='lat' dir='ltr'>zonam</span> <span class='ocrx_word' id='word_1_57' title='bbox 1506 742 1690 784; x_wconf 88' lang='lat' dir='ltr'>exhibet</span> <span class='ocrx_word' id='word_1_58' title='bbox 1724 743 1933 785; x_wconf 88' lang='lat' dir='ltr'>colore</span> 
     </span>
    </p>
   </div>
   <div class='ocr_carea' id='block_1_4' title="bbox 218 819 1932 951">
    <p class='ocr_par' dir='ltr' id='par_1_4' title="bbox 218 819 1932 951">
     <span class='ocr_line' id='line_1_8' title="bbox 218 819 588 873; baseline 0.008 -15"><span class='ocrx_word' id='word_1_59' title='bbox 218 819 348 859; x_wconf 90' lang='lat' dir='ltr'>albo</span> <span class='ocrx_word' id='word_1_60' title='bbox 382 819 588 873; x_wconf 79' lang='lat' dir='ltr'>pictas,</span> 
     </span>
     <span class='ocr_line' id='line_1_9' title="bbox 369 889 1932 951; baseline -0.001 -16"><span class='ocrx_word' id='word_1_61' title='bbox 369 894 408 935; x_wconf 87' lang='lat'>2.</span> <span class='ocrx_word' id='word_1_62' title='bbox 456 893 562 934; x_wconf 81' lang='lat' dir='ltr'>lanx</span> <span class='ocrx_word' id='word_1_63' title='bbox 597 893 752 934; x_wconf 86' lang='lat' dir='ltr'>similis</span> <span class='ocrx_word' id='word_1_64' title='bbox 798 899 849 935; x_wconf 87' lang='lat' dir='ltr'>ut</span> <span class='ocrx_word' id='word_1_65' title='bbox 880 893 1065 936; x_wconf 87' lang='lat' dir='ltr'>uidetur</span> <span class='ocrx_word' id='word_1_66' title='bbox 1098 894 1284 951; x_wconf 80' lang='lat' dir='ltr'>formae,</span> <span class='ocrx_word' id='word_1_67' title='bbox 1335 894 1590 949; x_wconf 88' lang='lat' dir='ltr'>Tarquiniis</span> <span class='ocrx_word' id='word_1_68' title='bbox 1626 899 1755 934; x_wconf 81' lang='lat' dir='ltr'>eruta</span> <span class='ocrx_word' id='word_1_69' title='bbox 1803 889 1932 947; x_wconf 89' lang='lat' dir='ltr'>(Not.</span> 
     </span>
    </p>
   </div>
   <div class='ocr_carea' id='block_1_5' title="bbox 218 963 1932 1025">
    <p class='ocr_par' dir='ltr' id='par_1_5' title="bbox 218 963 1932 1025">
     <span class='ocr_line' id='line_1_10' title="bbox 218 963 1932 1025; baseline 0 -17"><span class='ocrx_word' id='word_1_70' title='bbox 218 966 368 1011; x_wconf 74' lang='lat' dir='ltr'>‹1.Sc.</span> <span class='ocrx_word' id='word_1_71' title='bbox 408 963 595 1025; x_wconf 79' lang='lat' dir='ltr'>1884s5‚</span> <span class='ocrx_word' id='word_1_72' title='bbox 650 966 763 1023; x_wconf 82' lang='lat'>633)</span> <span class='ocrx_word' id='word_1_73' title='bbox 814 969 1062 1010; x_wconf 86' lang='lat' dir='ltr'>manubriis</span> <span class='ocrx_word' id='word_1_74' title='bbox 1115 970 1294 1012; x_wconf 91' lang='lat' dir='ltr'>duobus</span> <span class='ocrx_word' id='word_1_75' title='bbox 1346 970 1631 1025; x_wconf 88' lang='lat' dir='ltr'>pedibusque</span> <span class='ocrx_word' id='word_1_76' title='bbox 1659 967 1802 1009; x_wconf 78' lang='lat' dir='ltr'>tribus</span> <span class='ocrx_word' id='word_1_77' title='bbox 1851 980 1932 1009; x_wconf 91' lang='lat' dir='ltr'>un-</span> 
     </span>
    </p>
   </div>
   <div class='ocr_carea' id='block_1_6' title="bbox 219 1043 1931 1098">
    <p class='ocr_par' dir='ltr' id='par_1_6' title="bbox 219 1043 1931 1098">
     <span class='ocr_line' id='line_1_11' title="bbox 219 1043 1931 1098; baseline 0 -15"><span class='ocrx_word' id='word_1_78' title='bbox 219 1043 377 1096; x_wconf 87' lang='lat' dir='ltr'>guium</span> <span class='ocrx_word' id='word_1_79' title='bbox 411 1043 455 1083; x_wconf 90' lang='lat' dir='ltr'>in</span> <span class='ocrx_word' id='word_1_80' title='bbox 482 1044 681 1097; x_wconf 88' lang='lat' dir='ltr'>speciem</span> <span class='ocrx_word' id='word_1_81' title='bbox 720 1044 1013 1085; x_wconf 88' lang='lat' dir='ltr'>conformatis</span> <span class='ocrx_word' id='word_1_82' title='bbox 1051 1045 1282 1087; x_wconf 87' lang='lat' dir='ltr'>instructa.</span> <span class='ocrx_word' id='word_1_83' title='bbox 1315 1045 1508 1098; x_wconf 91' lang='lat' dir='ltr'>pedibus</span> <span class='ocrx_word' id='word_1_84' title='bbox 1533 1043 1736 1096; x_wconf 83' lang='lat' dir='ltr'>singulae</span> <span class='ocrx_word' id='word_1_85' title='bbox 1760 1043 1931 1084; x_wconf 90' lang='lat' dir='ltr'>formae</span> 
     </span>
    </p>
   </div>
   <div class='ocr_carea' id='block_1_7' title="bbox 207 1116 1932 3134">
    <p class='ocr_par' dir='ltr' id='par_1_7' title="bbox 216 1116 1932 1624">
     <span class='ocr_line' id='line_1_12' title="bbox 217 1116 1932 1174; baseline -0.001 -14"><span class='ocrx_word' id='word_1_86' title='bbox 217 1118 465 1174; x_wconf 84' lang='lat' dir='ltr'>impressae</span> <span class='ocrx_word' id='word_1_87' title='bbox 501 1124 637 1161; x_wconf 91' lang='lat' dir='ltr'>sunt:</span> <span class='ocrx_word' id='word_1_88' title='bbox 688 1117 734 1171; x_wconf 92' lang='lat' dir='ltr'>a)</span> <span class='ocrx_word' id='word_1_89' title='bbox 769 1118 851 1160; x_wconf 91' lang='lat' dir='ltr'>uiri</span> <span class='ocrx_word' id='word_1_90' title='bbox 903 1119 998 1161; x_wconf 90' lang='lat' dir='ltr'>duo</span> <span class='ocrx_word' id='word_1_91' title='bbox 1043 1119 1159 1161; x_wconf 86' lang='lat' dir='ltr'>inter</span> <span class='ocrx_word' id='word_1_92' title='bbox 1202 1132 1252 1161; x_wconf 91' lang='lat' dir='ltr'>se</span> <span class='ocrx_word' id='word_1_93' title='bbox 1302 1118 1526 1169; x_wconf 86' lang='lat' dir='ltr'>conuersi,</span> <span class='ocrx_word' id='word_1_94' title='bbox 1575 1117 1738 1174; x_wconf 90' lang='lat' dir='ltr'>quibus</span> <span class='ocrx_word' id='word_1_95' title='bbox 1768 1116 1932 1159; x_wconf 89' lang='lat' dir='ltr'>animal</span> 
     </span>
     <span class='ocr_line' id='line_1_13' title="bbox 217 1190 1930 1248; baseline 0 -16"><span class='ocrx_word' id='word_1_96' title='bbox 217 1193 456 1248; x_wconf 85' lang='lat' dir='ltr'>quoddam</span> <span class='ocrx_word' id='word_1_97' title='bbox 495 1192 669 1247; x_wconf 88' lang='lat' dir='ltr'>pertica</span> <span class='ocrx_word' id='word_1_98' title='bbox 703 1205 970 1247; x_wconf 86' lang='lat' dir='ltr'>suspensum</span> <span class='ocrx_word' id='word_1_99' title='bbox 1006 1194 1318 1247; x_wconf 84' lang='lat' dir='ltr'>interpositum</span> <span class='ocrx_word' id='word_1_100' title='bbox 1359 1199 1439 1235; x_wconf 87' lang='lat' dir='ltr'>est.</span> <span class='ocrx_word' id='word_1_101' title='bbox 1473 1194 1501 1234; x_wconf 92' lang='lat' dir='ltr'>b</span> <span class='ocrx_word' id='word_1_102' title='bbox 1533 1199 1580 1233; x_wconf 90' lang='lat' dir='ltr'>et</span> <span class='ocrx_word' id='word_1_103' title='bbox 1614 1190 1656 1246; x_wconf 91' lang='lat' dir='ltr'>c)</span> <span class='ocrx_word' id='word_1_104' title='bbox 1688 1198 1930 1234; x_wconf 87' lang='lat' dir='ltr'>centaurus</span> 
     </span>
     <span class='ocr_line' id='line_1_14' title="bbox 216 1266 1931 1324; baseline -0.001 -16"><span class='ocrx_word' id='word_1_105' title='bbox 216 1267 443 1309; x_wconf 88' lang='lat' dir='ltr'>humanus</span> <span class='ocrx_word' id='word_1_106' title='bbox 481 1268 610 1310; x_wconf 88' lang='lat' dir='ltr'>laeua</span> <span class='ocrx_word' id='word_1_107' title='bbox 644 1267 833 1324; x_wconf 82' lang='lat' dir='ltr'>hastam,</span> <span class='ocrx_word' id='word_1_108' title='bbox 861 1269 1035 1310; x_wconf 85' lang='lat' dir='ltr'>-dextra</span> <span class='ocrx_word' id='word_1_109' title='bbox 1068 1269 1273 1310; x_wconf 88' lang='lat' dir='ltr'>arborem</span> <span class='ocrx_word' id='word_1_110' title='bbox 1319 1275 1496 1317; x_wconf 88' lang='lat' dir='ltr'>tenens,</span> <span class='ocrx_word' id='word_1_111' title='bbox 1545 1281 1600 1309; x_wconf 85' lang='lat' dir='ltr'>ex</span> <span class='ocrx_word' id='word_1_112' title='bbox 1643 1280 1731 1323; x_wconf 89' lang='lat' dir='ltr'>qua</span> <span class='ocrx_word' id='word_1_113' title='bbox 1766 1266 1931 1322; x_wconf 84' lang='lat' dir='ltr'>animal</span> 
     </span>
     <span class='ocr_line' id='line_1_15' title="bbox 219 1341 1930 1398; baseline -0.001 -15"><span class='ocrx_word' id='word_1_114' title='bbox 219 1341 406 1397; x_wconf 90' lang='lat' dir='ltr'>(caprea</span> <span class='ocrx_word' id='word_1_115' title='bbox 461 1348 509 1383; x_wconf 86' lang='lat' dir='ltr'>ut</span> <span class='ocrx_word' id='word_1_116' title='bbox 560 1342 763 1395; x_wconf 89' lang='lat' dir='ltr'>uidetur)</span> <span class='ocrx_word' id='word_1_117' title='bbox 793 1343 978 1398; x_wconf 86' lang='lat' dir='ltr'>pendet.</span> <span class='ocrx_word' id='word_1_118' title='bbox 1032 1355 1196 1398; x_wconf 89' lang='lat' dir='ltr'>corpus</span> <span class='ocrx_word' id='word_1_119' title='bbox 1247 1343 1461 1398; x_wconf 90' lang='lat' dir='ltr'>equinum</span> <span class='ocrx_word' id='word_1_120' title='bbox 1510 1343 1628 1392; x_wconf 92' lang='lat' dir='ltr'>albo,</span> <span class='ocrx_word' id='word_1_121' title='bbox 1683 1341 1930 1398; x_wconf 85' lang='lat' dir='ltr'>humanum</span> 
     </span>
     <span class='ocr_line' id='line_1_16' title="bbox 223 1417 1930 1474; baseline -0.001 -15"><span class='ocrx_word' id='word_1_122' title='bbox 223 1419 359 1459; x_wconf 88' lang='lat' dir='ltr'>rubro</span> <span class='ocrx_word' id='word_1_123' title='bbox 401 1418 553 1459; x_wconf 85' lang='lat' dir='ltr'>colore</span> <span class='ocrx_word' id='word_1_124' title='bbox 587 1418 708 1471; x_wconf 87' lang='lat' dir='ltr'>picta</span> <span class='ocrx_word' id='word_1_125' title='bbox 744 1424 862 1469; x_wconf 84' lang='lat' dir='ltr'>sunt,</span> <span class='ocrx_word' id='word_1_126' title='bbox 899 1418 1058 1459; x_wconf 89' lang='lat' dir='ltr'>addito</span> <span class='ocrx_word' id='word_1_127' title='bbox 1082 1417 1363 1472; x_wconf 88' lang='lat' dir='ltr'>subligaculo</span> <span class='ocrx_word' id='word_1_128' title='bbox 1394 1418 1514 1474; x_wconf 87' lang='lat' dir='ltr'>albo,</span> <span class='ocrx_word' id='word_1_129' title='bbox 1549 1417 1697 1472; x_wconf 88' lang='lat' dir='ltr'>qualia</span> <span class='ocrx_word' id='word_1_130' title='bbox 1730 1417 1776 1458; x_wconf 92' lang='lat' dir='ltr'>in</span> <span class='ocrx_word' id='word_1_131' title='bbox 1811 1418 1930 1460; x_wconf 84' lang='lat' dir='ltr'>uasis</span> 
     </span>
     <span class='ocr_line' id='line_1_17' title="bbox 220 1491 1929 1548; baseline -0.001 -13"><span class='ocrx_word' id='word_1_132' title='bbox 220 1492 405 1548; x_wconf 90' lang='lat' dir='ltr'>scalptis</span> <span class='ocrx_word' id='word_1_133' title='bbox 460 1504 645 1548; x_wconf 90' lang='lat' dir='ltr'>quoque</span> <span class='ocrx_word' id='word_1_134' title='bbox 688 1492 892 1534; x_wconf 88' lang='lat' dir='ltr'>centauri</span> <span class='ocrx_word' id='word_1_135' title='bbox 940 1492 1119 1547; x_wconf 91' lang='lat' dir='ltr'>saepius</span> <span class='ocrx_word' id='word_1_136' title='bbox 1171 1492 1410 1536; x_wconf 85' lang='lat' dir='ltr'>exhibent:</span> <span class='ocrx_word' id='word_1_137' title='bbox 1462 1491 1593 1534; x_wconf 82' lang='lat' dir='ltr'>flores</span> <span class='ocrx_word' id='word_1_138' title='bbox 1644 1491 1749 1534; x_wconf 88' lang='lat' dir='ltr'>folia</span> <span class='ocrx_word' id='word_1_139' title='bbox 1783 1492 1929 1547; x_wconf 90' lang='lat' dir='ltr'>spirae</span> 
     </span>
     <span class='ocr_line' id='line_1_18' title="bbox 216 1568 936 1624; baseline 0.001 -14"><span class='ocrx_word' id='word_1_140' title='bbox 216 1583 297 1624; x_wconf 90' lang='lat' dir='ltr'>per</span> <span class='ocrx_word' id='word_1_141' title='bbox 328 1581 539 1622; x_wconf 89' lang='lat' dir='ltr'>campum</span> <span class='ocrx_word' id='word_1_142' title='bbox 576 1568 785 1622; x_wconf 88' lang='lat' dir='ltr'>dispersa</span> <span class='ocrx_word' id='word_1_143' title='bbox 819 1574 936 1612; x_wconf 87' lang='lat' dir='ltr'>sunt.</span> 
     </span>
    </p>

    <p class='ocr_par' dir='ltr' id='par_1_8' title="bbox 215 1642 1928 1925">
     <span class='ocr_line' id='line_1_19' title="bbox 367 1642 1928 1700; baseline -0.001 -13"><span class='ocrx_word' id='word_1_144' title='bbox 367 1645 407 1687; x_wconf 90' lang='lat'>3.</span> <span class='ocrx_word' id='word_1_145' title='bbox 462 1643 565 1685; x_wconf 87' lang='lat' dir='ltr'>lanx</span> <span class='ocrx_word' id='word_1_146' title='bbox 598 1656 781 1698; x_wconf 89' lang='lat' dir='ltr'>prorsus</span> <span class='ocrx_word' id='word_1_147' title='bbox 828 1644 996 1699; x_wconf 88' lang='lat' dir='ltr'>similis,</span> <span class='ocrx_word' id='word_1_148' title='bbox 1048 1650 1093 1685; x_wconf 89' lang='lat' dir='ltr'>et</span> <span class='ocrx_word' id='word_1_149' title='bbox 1128 1644 1225 1700; x_wconf 89' lang='lat' dir='ltr'>ipsa</span> <span class='ocrx_word' id='word_1_150' title='bbox 1259 1644 1514 1700; x_wconf 90' lang='lat' dir='ltr'>Tarquiniis</span> <span class='ocrx_word' id='word_1_151' title='bbox 1548 1650 1690 1698; x_wconf 86' lang='lat' dir='ltr'>eruta,</span> <span class='ocrx_word' id='word_1_152' title='bbox 1740 1657 1766 1685; x_wconf 90' lang='lat' dir='ltr'>a</span> <span class='ocrx_word' id='word_1_153' title='bbox 1801 1642 1928 1686; x_wconf 90' lang='lat' dir='ltr'>Furt-</span> 
     </span>
     <span class='ocr_line' id='line_1_20' title="bbox 223 1715 1928 1774; baseline 0.001 -14"><span class='ocrx_word' id='word_1_154' title='bbox 223 1718 479 1772; x_wconf 87' lang='lat' dir='ltr'>waenglero</span> <span class='ocrx_word' id='word_1_155' title='bbox 516 1715 610 1772; x_wconf 91' lang='lat' dir='ltr'>(AZ</span> <span class='ocrx_word' id='word_1_156' title='bbox 648 1719 779 1772; x_wconf 84' lang='lat'>1884,</span> <span class='ocrx_word' id='word_1_157' title='bbox 838 1719 947 1771; x_wconf 86' lang='lat'>107)</span> <span class='ocrx_word' id='word_1_158' title='bbox 979 1720 1224 1774; x_wconf 80' lang='lat' dir='ltr'>descripta.</span> <span class='ocrx_word' id='word_1_159' title='bbox 1277 1721 1444 1774; x_wconf 89' lang='lat' dir='ltr'>pedum</span> <span class='ocrx_word' id='word_1_160' title='bbox 1482 1721 1575 1761; x_wconf 93' lang='lat' dir='ltr'>duo</span> <span class='ocrx_word' id='word_1_161' title='bbox 1612 1720 1786 1761; x_wconf 89' lang='lat' dir='ltr'>eisdem</span> <span class='ocrx_word' id='word_1_162' title='bbox 1823 1733 1928 1761; x_wconf 89' lang='lat' dir='ltr'>cen-</span> 
     </span>
     <span class='ocr_line' id='line_1_21' title="bbox 216 1792 1927 1851; baseline 0.001 -16"><span class='ocrx_word' id='word_1_163' title='bbox 216 1792 355 1835; x_wconf 83' lang='lat' dir='ltr'>tauris</span> <span class='ocrx_word' id='word_1_164' title='bbox 412 1792 560 1834; x_wconf 87' lang='lat' dir='ltr'>ornati</span> <span class='ocrx_word' id='word_1_165' title='bbox 613 1798 733 1845; x_wconf 87' lang='lat' dir='ltr'>sunt,</span> <span class='ocrx_word' id='word_1_166' title='bbox 802 1793 960 1835; x_wconf 86' lang='lat' dir='ltr'>tertius</span> <span class='ocrx_word' id='word_1_167' title='bbox 1007 1793 1191 1837; x_wconf 91' lang='lat' dir='ltr'>Theseo</span> <span class='ocrx_word' id='word_1_168' title='bbox 1240 1793 1552 1837; x_wconf 89' lang='lat' dir='ltr'>Minotaurum</span> <span class='ocrx_word' id='word_1_169' title='bbox 1608 1795 1828 1851; x_wconf 90' lang='lat' dir='ltr'>adgresso</span> <span class='ocrx_word' id='word_1_170' title='bbox 1881 1800 1927 1836; x_wconf 87' lang='lat' dir='ltr'>et</span> 
     </span>
     <span class='ocr_line' id='line_1_22' title="bbox 215 1856 1477 1925; baseline 0.003 -16"><span class='ocrx_word' id='word_1_171' title='bbox 215 1868 415 1909; x_wconf 88' lang='lat' dir='ltr'>Ariadne</span> <span class='ocrx_word' id='word_1_172' title='bbox 453 1868 667 1921; x_wconf 87' lang='lat' dir='ltr'>glomum,</span> <span class='ocrx_word' id='word_1_173' title='bbox 702 1874 750 1909; x_wconf 87' lang='lat' dir='ltr'>ut</span> <span class='ocrx_word' id='word_1_174' title='bbox 783 1869 828 1910; x_wconf 94' lang='lat' dir='ltr'>in</span> <span class='ocrx_word' id='word_1_175' title='bbox 863 1856 1025 1923; x_wconf 89' lang='lat' dir='ltr'>hydria</span> <span class='ocrx_word' id='word_1_176' title='bbox 1057 1869 1238 1925; x_wconf 89' lang='lat' dir='ltr'>Lesbia,</span> <span class='ocrx_word' id='word_1_177' title='bbox 1274 1876 1477 1913; x_wconf 87' lang='lat' dir='ltr'>tenente.</span> 
     </span>
    </p>

    <p class='ocr_par' dir='ltr' id='par_1_9' title="bbox 210 1943 1926 2380">
     <span class='ocr_line' id='line_1_23' title="bbox 370 1943 1925 2001; baseline 0 -15"><span class='ocrx_word' id='word_1_178' title='bbox 370 1944 577 1999; x_wconf 85' lang='lat' dir='ltr'>Apparet</span> <span class='ocrx_word' id='word_1_179' title='bbox 628 1943 709 1986; x_wconf 88' lang='lat' dir='ltr'>has</span> <span class='ocrx_word' id='word_1_180' title='bbox 761 1943 916 1986; x_wconf 89' lang='lat' dir='ltr'>lances</span> <span class='ocrx_word' id='word_1_181' title='bbox 951 1958 979 1987; x_wconf 90' lang='lat' dir='ltr'>a</span> <span class='ocrx_word' id='word_1_182' title='bbox 1026 1944 1146 1987; x_wconf 87' lang='lat' dir='ltr'>uasis</span> <span class='ocrx_word' id='word_1_183' title='bbox 1195 1945 1337 1988; x_wconf 89' lang='lat' dir='ltr'>rubris</span> <span class='ocrx_word' id='word_1_184' title='bbox 1373 1945 1527 1988; x_wconf 85' lang='lat' dir='ltr'>formis</span> <span class='ocrx_word' id='word_1_185' title='bbox 1570 1943 1925 2001; x_wconf 88' lang='lat' dir='ltr'>cylindratis</span> 
     </span>
     <span class='ocr_line' id='line_1_24' title="bbox 211 2020 1924 2075; baseline -0.001 -12"><span class='ocrx_word' id='word_1_186' title='bbox 211 2021 383 2064; x_wconf 87' lang='lat' dir='ltr'>ornatis</span> <span class='ocrx_word' id='word_1_187' title='bbox 431 2020 715 2064; x_wconf 89' lang='lat' dir='ltr'>secernenda</span> <span class='ocrx_word' id='word_1_188' title='bbox 749 2026 890 2075; x_wconf 90' lang='lat' dir='ltr'>atque</span> <span class='ocrx_word' id='word_1_189' title='bbox 927 2033 1029 2061; x_wconf 92' lang='lat' dir='ltr'>cum</span> <span class='ocrx_word' id='word_1_190' title='bbox 1080 2020 1218 2062; x_wconf 87' lang='lat' dir='ltr'>rubris</span> <span class='ocrx_word' id='word_1_191' title='bbox 1251 2020 1380 2075; x_wconf 87' lang='lat' dir='ltr'>pictis</span> <span class='ocrx_word' id='word_1_192' title='bbox 1429 2021 1756 2074; x_wconf 81' lang='lat' dir='ltr'>coniungenda</span> <span class='ocrx_word' id='word_1_193' title='bbox 1807 2033 1924 2062; x_wconf 89' lang='lat' dir='ltr'>esse.</span> 
     </span>
     <span class='ocr_line' id='line_1_25' title="bbox 212 2095 1926 2151; baseline -0.001 -12"><span class='ocrx_word' id='word_1_194' title='bbox 212 2111 314 2139; x_wconf 92' lang='lat' dir='ltr'>cum</span> <span class='ocrx_word' id='word_1_195' title='bbox 338 2110 448 2138; x_wconf 91' lang='lat' dir='ltr'>uero</span> <span class='ocrx_word' id='word_1_196' title='bbox 473 2103 518 2137; x_wconf 90' lang='lat' dir='ltr'>et</span> <span class='ocrx_word' id='word_1_197' title='bbox 544 2096 745 2138; x_wconf 87' lang='lat' dir='ltr'>centauri</span> <span class='ocrx_word' id='word_1_198' title='bbox 773 2101 818 2136; x_wconf 90' lang='lat' dir='ltr'>et</span> <span class='ocrx_word' id='word_1_199' title='bbox 837 2095 1007 2137; x_wconf 90' lang='lat' dir='ltr'>Thesei</span> <span class='ocrx_word' id='word_1_200' title='bbox 1031 2102 1169 2151; x_wconf 89' lang='lat' dir='ltr'>atque</span> <span class='ocrx_word' id='word_1_201' title='bbox 1190 2096 1418 2138; x_wconf 88' lang='lat' dir='ltr'>Ariadnae</span> <span class='ocrx_word' id='word_1_202' title='bbox 1453 2096 1549 2151; x_wconf 89' lang='lat' dir='ltr'>typi</span> <span class='ocrx_word' id='word_1_203' title='bbox 1583 2109 1684 2137; x_wconf 91' lang='lat' dir='ltr'>cum</span> <span class='ocrx_word' id='word_1_204' title='bbox 1718 2109 1810 2138; x_wconf 88' lang='lat' dir='ltr'>una</span> <span class='ocrx_word' id='word_1_205' title='bbox 1843 2096 1926 2151; x_wconf 91' lang='lat' dir='ltr'>hy-</span> 
     </span>
     <span class='ocr_line' id='line_1_26' title="bbox 215 2156 1925 2226; baseline -0.001 -12"><span class='ocrx_word' id='word_1_206' title='bbox 215 2174 313 2215; x_wconf 90' lang='lat' dir='ltr'>dria</span> <span class='ocrx_word' id='word_1_207' title='bbox 344 2156 511 2215; x_wconf 85' lang='lat' dir='ltr'>Lesbia</span> <span class='ocrx_word' id='word_1_208' title='bbox 545 2177 814 2226; x_wconf 88' lang='lat' dir='ltr'>congruant,</span> <span class='ocrx_word' id='word_1_209' title='bbox 839 2170 922 2213; x_wconf 90' lang='lat' dir='ltr'>has</span> <span class='ocrx_word' id='word_1_210' title='bbox 947 2170 1112 2213; x_wconf 88' lang='lat' dir='ltr'>formas</span> <span class='ocrx_word' id='word_1_211' title='bbox 1134 2171 1284 2213; x_wconf 90' lang='lat' dir='ltr'>Lesbo</span> <span class='ocrx_word' id='word_1_212' title='bbox 1307 2171 1351 2213; x_wconf 91' lang='lat' dir='ltr'>in</span> <span class='ocrx_word' id='word_1_213' title='bbox 1375 2171 1598 2214; x_wconf 88' lang='lat' dir='ltr'>Etruriam</span> <span class='ocrx_word' id='word_1_214' title='bbox 1623 2171 1799 2214; x_wconf 88' lang='lat' dir='ltr'>delatas</span> <span class='ocrx_word' id='word_1_215' title='bbox 1823 2184 1925 2213; x_wconf 89' lang='lat' dir='ltr'>esse</span> 
     </span>
     <span class='ocr_line' id='line_1_27' title="bbox 215 2247 1919 2304; baseline -0.001 -14"><span class='ocrx_word' id='word_1_216' title='bbox 215 2250 291 2291; x_wconf 85' lang='lat' dir='ltr'>uix</span> <span class='ocrx_word' id='word_1_217' title='bbox 327 2256 496 2292; x_wconf 88' lang='lat' dir='ltr'>temere</span> <span class='ocrx_word' id='word_1_218' title='bbox 540 2254 804 2298; x_wconf 83' lang='lat' dir='ltr'>statuamus,</span> <span class='ocrx_word' id='word_1_219' title='bbox 859 2247 1122 2302; x_wconf 89' lang='lat' dir='ltr'>praesertim</span> <span class='ocrx_word' id='word_1_220' title='bbox 1174 2260 1274 2290; x_wconf 91' lang='lat' dir='ltr'>cum</span> <span class='ocrx_word' id='word_1_221' title='bbox 1326 2247 1489 2290; x_wconf 85' lang='lat' dir='ltr'>formas</span> <span class='ocrx_word' id='word_1_222' title='bbox 1535 2248 1746 2304; x_wconf 89' lang='lat' dir='ltr'>paruulas</span> <span class='ocrx_word' id='word_1_223' title='bbox 1797 2247 1919 2290; x_wconf 87' lang='lat' dir='ltr'>uasis</span> 
     </span>
     <span class='ocr_line' id='line_1_28' title="bbox 210 2322 1915 2380; baseline 0.001 -14"><span class='ocrx_word' id='word_1_224' title='bbox 210 2325 347 2380; x_wconf 90' lang='lat' dir='ltr'>nigris</span> <span class='ocrx_word' id='word_1_225' title='bbox 390 2325 630 2380; x_wconf 91' lang='lat' dir='ltr'>impressas</span> <span class='ocrx_word' id='word_1_226' title='bbox 674 2323 825 2365; x_wconf 91' lang='lat' dir='ltr'>eidem</span> <span class='ocrx_word' id='word_1_227' title='bbox 859 2323 1033 2365; x_wconf 87' lang='lat' dir='ltr'>insulae</span> <span class='ocrx_word' id='word_1_228' title='bbox 1068 2325 1331 2366; x_wconf 86' lang='lat' dir='ltr'>tribuendas</span> <span class='ocrx_word' id='word_1_229' title='bbox 1380 2337 1482 2366; x_wconf 89' lang='lat' dir='ltr'>esse</span> <span class='ocrx_word' id='word_1_230' title='bbox 1516 2322 1731 2379; x_wconf 84' lang='lat' dir='ltr'>suspicati</span> <span class='ocrx_word' id='word_1_231' title='bbox 1763 2323 1915 2367; x_wconf 84' lang='lat' dir='ltr'>simus.</span> 
     </span>
    </p>

    <p class='ocr_par' dir='ltr' id='par_1_10' title="bbox 207 2399 1924 3134">
     <span class='ocr_line' id='line_1_29' title="bbox 364 2399 1924 2455; baseline -0.001 -14"><span class='ocrx_word' id='word_1_232' title='bbox 364 2400 527 2441; x_wconf 90' lang='lat' dir='ltr'>Restat</span> <span class='ocrx_word' id='word_1_233' title='bbox 563 2406 612 2441; x_wconf 87' lang='lat' dir='ltr'>ut</span> <span class='ocrx_word' id='word_1_234' title='bbox 646 2401 706 2454; x_wconf 86' lang='lat' dir='ltr'>de</span> <span class='ocrx_word' id='word_1_235' title='bbox 728 2412 838 2441; x_wconf 92' lang='lat' dir='ltr'>uase</span> <span class='ocrx_word' id='word_1_236' title='bbox 873 2399 1024 2441; x_wconf 89' lang='lat' dir='ltr'>dicam</span> <span class='ocrx_word' id='word_1_237' title='bbox 1046 2413 1224 2454; x_wconf 88' lang='lat' dir='ltr'>prorsus</span> <span class='ocrx_word' id='word_1_238' title='bbox 1256 2399 1486 2454; x_wconf 87' lang='lat' dir='ltr'>singulari,</span> <span class='ocrx_word' id='word_1_239' title='bbox 1520 2400 1643 2455; x_wconf 91' lang='lat' dir='ltr'>quod</span> <span class='ocrx_word' id='word_1_240' title='bbox 1685 2399 1729 2440; x_wconf 92' lang='lat' dir='ltr'>in</span> <span class='ocrx_word' id='word_1_241' title='bbox 1765 2411 1924 2440; x_wconf 90' lang='lat' dir='ltr'>museo</span> 
     </span>
     <span class='ocr_line' id='line_1_30' title="bbox 212 2469 1922 2530; baseline -0.001 -14"><span class='ocrx_word' id='word_1_242' title='bbox 212 2475 384 2517; x_wconf 86' lang='lat' dir='ltr'>Fainae</span> <span class='ocrx_word' id='word_1_243' title='bbox 442 2475 617 2517; x_wconf 88' lang='lat' dir='ltr'>comitis</span> <span class='ocrx_word' id='word_1_244' title='bbox 683 2473 919 2517; x_wconf 88' lang='lat' dir='ltr'>Oruietani</span> <span class='ocrx_word' id='word_1_245' title='bbox 974 2473 1125 2516; x_wconf 91' lang='lat' dir='ltr'>adhuc</span> <span class='ocrx_word' id='word_1_246' title='bbox 1183 2474 1308 2516; x_wconf 89' lang='lat' dir='ltr'>latuit</span> <span class='ocrx_word' id='word_1_247' title='bbox 1372 2469 1550 2530; x_wconf 90' lang='lat' dir='ltr'>(nostra</span> <span class='ocrx_word' id='word_1_248' title='bbox 1602 2475 1693 2518; x_wconf 89' lang='lat' dir='ltr'>tab.</span> <span class='ocrx_word' id='word_1_249' title='bbox 1752 2473 1796 2515; x_wconf 90' lang='lat'>11</span> <span class='ocrx_word' id='word_1_250' title='bbox 1852 2472 1922 2526; x_wconf 86' lang='lat'>3):</span> 
     </span>
     <span class='ocr_line' id='line_1_31' title="bbox 211 2547 1924 2606; baseline -0.001 -15"><span class='ocrx_word' id='word_1_251' title='bbox 211 2550 432 2606; x_wconf 87' lang='lat' dir='ltr'>amphora</span> <span class='ocrx_word' id='word_1_252' title='bbox 466 2557 534 2592; x_wconf 89' lang='lat' dir='ltr'>est</span> <span class='ocrx_word' id='word_1_253' title='bbox 575 2550 756 2591; x_wconf 86' lang='lat' dir='ltr'>mediae</span> <span class='ocrx_word' id='word_1_254' title='bbox 791 2550 1133 2604; x_wconf 86' lang='lat' dir='ltr'>magnitudinis,</span> <span class='ocrx_word' id='word_1_255' title='bbox 1183 2549 1326 2592; x_wconf 86' lang='lat' dir='ltr'>forma</span> <span class='ocrx_word' id='word_1_256' title='bbox 1372 2564 1475 2593; x_wconf 90' lang='lat' dir='ltr'>cum</span> <span class='ocrx_word' id='word_1_257' title='bbox 1510 2549 1685 2592; x_wconf 87' lang='lat' dir='ltr'>Lesbiis</span> <span class='ocrx_word' id='word_1_258' title='bbox 1732 2563 1764 2591; x_wconf 85' lang='lat' dir='ltr'>a</span> <span class='ocrx_word' id='word_1_259' title='bbox 1795 2547 1924 2604; x_wconf 88' lang='lat' dir='ltr'>pitho</span> 
     </span>
     <span class='ocr_line' id='line_1_32' title="bbox 211 2622 1924 2683; baseline -0.001 -16"><span class='ocrx_word' id='word_1_260' title='bbox 211 2627 428 2668; x_wconf 89' lang='lat' dir='ltr'>deriuatis</span> <span class='ocrx_word' id='word_1_261' title='bbox 464 2622 553 2683; x_wconf 86' lang='lat' dir='ltr'>(nr.</span> <span class='ocrx_word' id='word_1_262' title='bbox 586 2626 612 2667; x_wconf 88' lang='grc'>2</span> <span class='ocrx_word' id='word_1_263' title='bbox 647 2631 695 2667; x_wconf 90' lang='lat' dir='ltr'>et</span> <span class='ocrx_word' id='word_1_264' title='bbox 730 2622 776 2681; x_wconf 90' lang='lat'>3)</span> <span class='ocrx_word' id='word_1_265' title='bbox 812 2625 998 2667; x_wconf 91' lang='lat' dir='ltr'>omnino</span> <span class='ocrx_word' id='word_1_266' title='bbox 1032 2639 1303 2680; x_wconf 90' lang='lat' dir='ltr'>congruens,</span> <span class='ocrx_word' id='word_1_267' title='bbox 1339 2633 1435 2669; x_wconf 91' lang='lat' dir='ltr'>arte</span> <span class='ocrx_word' id='word_1_268' title='bbox 1461 2626 1659 2668; x_wconf 88' lang='lat' dir='ltr'>medium</span> <span class='ocrx_word' id='word_1_269' title='bbox 1693 2624 1809 2666; x_wconf 87' lang='lat' dir='ltr'>inter</span> <span class='ocrx_word' id='word_1_270' title='bbox 1828 2623 1924 2666; x_wconf 91' lang='lat' dir='ltr'>illas</span> 
     </span>
     <span class='ocr_line' id='line_1_33' title="bbox 210 2700 1924 2757; baseline -0.001 -15"><span class='ocrx_word' id='word_1_271' title='bbox 210 2709 257 2744; x_wconf 93' lang='lat' dir='ltr'>et</span> <span class='ocrx_word' id='word_1_272' title='bbox 290 2715 400 2744; x_wconf 88' lang='lat' dir='ltr'>uasa</span> <span class='ocrx_word' id='word_1_273' title='bbox 434 2702 568 2743; x_wconf 86' lang='lat' dir='ltr'>rubra</span> <span class='ocrx_word' id='word_1_274' title='bbox 602 2702 751 2742; x_wconf 90' lang='lat' dir='ltr'>locum</span> <span class='ocrx_word' id='word_1_275' title='bbox 786 2707 962 2744; x_wconf 89' lang='lat' dir='ltr'>tenens.</span> <span class='ocrx_word' id='word_1_276' title='bbox 1036 2714 1091 2742; x_wconf 85' lang='lat' dir='ltr'>ex</span> <span class='ocrx_word' id='word_1_277' title='bbox 1128 2702 1280 2756; x_wconf 87' lang='lat' dir='ltr'>argilla</span> <span class='ocrx_word' id='word_1_278' title='bbox 1314 2702 1452 2744; x_wconf 86' lang='lat' dir='ltr'>badia</span> <span class='ocrx_word' id='word_1_279' title='bbox 1487 2701 1607 2744; x_wconf 88' lang='lat' dir='ltr'>uasis</span> <span class='ocrx_word' id='word_1_280' title='bbox 1641 2714 1761 2757; x_wconf 91' lang='lat' dir='ltr'>quae</span> <span class='ocrx_word' id='word_1_281' title='bbox 1794 2700 1924 2741; x_wconf 92' lang='lat' dir='ltr'>italo-</span> 
     </span>
     <span class='ocr_line' id='line_1_34' title="bbox 212 2775 1924 2832; baseline -0.002 -13"><span class='ocrx_word' id='word_1_282' title='bbox 212 2776 438 2820; x_wconf 78' lang='lat' dir='ltr'>corinthia</span> <span class='ocrx_word' id='word_1_283' title='bbox 473 2776 687 2818; x_wconf 90' lang='lat' dir='ltr'>dicuntur</span> <span class='ocrx_word' id='word_1_284' title='bbox 718 2777 900 2832; x_wconf 91' lang='lat' dir='ltr'>propria</span> <span class='ocrx_word' id='word_1_285' title='bbox 933 2776 1037 2818; x_wconf 89' lang='lat' dir='ltr'>ficta</span> <span class='ocrx_word' id='word_1_286' title='bbox 1073 2782 1210 2832; x_wconf 89' lang='lat' dir='ltr'>atque</span> <span class='ocrx_word' id='word_1_287' title='bbox 1243 2777 1426 2820; x_wconf 86' lang='lat' dir='ltr'>bernice</span> <span class='ocrx_word' id='word_1_288' title='bbox 1450 2777 1525 2820; x_wconf 86' lang='lat' dir='ltr'>uix</span> <span class='ocrx_word' id='word_1_289' title='bbox 1555 2776 1749 2832; x_wconf 86' lang='lat' dir='ltr'>lucente,</span> <span class='ocrx_word' id='word_1_290' title='bbox 1783 2775 1924 2823; x_wconf 89' lang='lat' dir='ltr'>fusca,</span> 
     </span>
     <span class='ocr_line' id='line_1_35' title="bbox 209 2850 1919 2907; baseline -0.002 -14"><span class='ocrx_word' id='word_1_291' title='bbox 209 2852 360 2894; x_wconf 91' lang='lat' dir='ltr'>multis</span> <span class='ocrx_word' id='word_1_292' title='bbox 394 2852 502 2893; x_wconf 92' lang='lat' dir='ltr'>locis</span> <span class='ocrx_word' id='word_1_293' title='bbox 541 2853 707 2894; x_wconf 89' lang='lat' dir='ltr'>adusta</span> <span class='ocrx_word' id='word_1_294' title='bbox 743 2859 882 2907; x_wconf 83' lang='lat' dir='ltr'>atque</span> <span class='ocrx_word' id='word_1_295' title='bbox 924 2852 1178 2895; x_wconf 89' lang='lat' dir='ltr'>rubicunda</span> <span class='ocrx_word' id='word_1_296' title='bbox 1214 2859 1309 2894; x_wconf 89' lang='lat' dir='ltr'>tota</span> <span class='ocrx_word' id='word_1_297' title='bbox 1341 2859 1460 2894; x_wconf 89' lang='lat' dir='ltr'>tecta</span> <span class='ocrx_word' id='word_1_298' title='bbox 1494 2859 1579 2907; x_wconf 88' lang='lat' dir='ltr'>est,</span> <span class='ocrx_word' id='word_1_299' title='bbox 1632 2856 1825 2906; x_wconf 81' lang='lat' dir='ltr'>excepta</span> <span class='ocrx_word' id='word_1_300' title='bbox 1858 2850 1919 2890; x_wconf 92' lang='lat' dir='ltr'>in·</span> 
     </span>
     <span class='ocr_line' id='line_1_36' title="bbox 208 2924 1922 2982; baseline -0.002 -15"><span class='ocrx_word' id='word_1_301' title='bbox 208 2926 371 2968; x_wconf 86' lang='lat' dir='ltr'>feriore</span> <span class='ocrx_word' id='word_1_302' title='bbox 404 2926 570 2968; x_wconf 86' lang='lat' dir='ltr'>uentris</span> <span class='ocrx_word' id='word_1_303' title='bbox 619 2932 760 2982; x_wconf 86' lang='lat' dir='ltr'>parte.</span> <span class='ocrx_word' id='word_1_304' title='bbox 806 2926 1003 2968; x_wconf 90' lang='lat' dir='ltr'>bernici.</span> <span class='ocrx_word' id='word_1_305' title='bbox 1023 2926 1194 2968; x_wconf 90' lang='lat' dir='ltr'>deinde</span> <span class='ocrx_word' id='word_1_306' title='bbox 1244 2933 1512 2969; x_wconf 88' lang='lat' dir='ltr'>ornamenta</span> <span class='ocrx_word' id='word_1_307' title='bbox 1563 2932 1702 2982; x_wconf 90' lang='lat' dir='ltr'>atque</span> <span class='ocrx_word' id='word_1_308' title='bbox 1752 2924 1922 2978; x_wconf 89' lang='lat' dir='ltr'>figurae</span> 
     </span>
     <span class='ocr_line' id='line_1_37' title="bbox 208 3002 1922 3058; baseline -0.001 -16"><span class='ocrx_word' id='word_1_309' title='bbox 208 3015 233 3042; x_wconf 91' lang='lat' dir='ltr'>e</span> <span class='ocrx_word' id='word_1_310' title='bbox 253 3014 280 3043; x_wconf 94' lang='lat' dir='ltr'>o</span> <span class='ocrx_word' id='word_1_311' title='bbox 301 3003 436 3044; x_wconf 90' lang='lat' dir='ltr'>dem</span> <span class='ocrx_word' id='word_1_312' title='bbox 471 3003 621 3044; x_wconf 90' lang='lat' dir='ltr'>colore</span> <span class='ocrx_word' id='word_1_313' title='bbox 668 3003 771 3044; x_wconf 90' lang='lat' dir='ltr'>albo</span> <span class='ocrx_word' id='word_1_314' title='bbox 806 3002 1086 3044; x_wconf 88' lang='lat' dir='ltr'>flauescente</span> <span class='ocrx_word' id='word_1_315' title='bbox 1118 3009 1257 3057; x_wconf 85' lang='lat' dir='ltr'>atque</span> <span class='ocrx_word' id='word_1_316' title='bbox 1308 3003 1534 3046; x_wconf 88' lang='lat' dir='ltr'>eadem</span> <span class='ocrx_word' id='word_1_317' title='bbox 1582 3014 1762 3058; x_wconf 91' lang='lat' dir='ltr'>prorsus</span> <span class='ocrx_word' id='word_1_318' title='bbox 1810 3006 1922 3055; x_wconf 85' lang='lat' dir='ltr'>arte,</span> 
     </span>
     <span class='ocr_line' id='line_1_38' title="bbox 207 3075 1922 3134; baseline -0.001 -17"><span class='ocrx_word' id='word_1_319' title='bbox 207 3090 346 3131; x_wconf 91' lang='lat' dir='ltr'>quam</span> <span class='ocrx_word' id='word_1_320' title='bbox 381 3090 493 3118; x_wconf 86' lang='lat' dir='ltr'>uasa</span> <span class='ocrx_word' id='word_1_321' title='bbox 526 3078 663 3118; x_wconf 84' lang='lat' dir='ltr'>rubra</span> <span class='ocrx_word' id='word_1_322' title='bbox 697 3078 822 3132; x_wconf 91' lang='lat' dir='ltr'>picta</span> <span class='ocrx_word' id='word_1_323' title='bbox 858 3078 1086 3131; x_wconf 86' lang='lat' dir='ltr'>exhibent,</span> <span class='ocrx_word' id='word_1_324' title='bbox 1121 3079 1331 3134; x_wconf 88' lang='lat' dir='ltr'>imposita</span> <span class='ocrx_word' id='word_1_325' title='bbox 1365 3075 1511 3122; x_wconf 79' lang='lat' dir='ltr'>suntl.</span> <span class='ocrx_word' id='word_1_326' title='bbox 1569 3079 1612 3119; x_wconf 91' lang='lat' dir='ltr'>in</span> <span class='ocrx_word' id='word_1_327' title='bbox 1647 3077 1773 3118; x_wconf 91' lang='lat' dir='ltr'>labro</span> <span class='ocrx_word' id='word_1_328' title='bbox 1807 3076 1922 3116; x_wconf 89' lang='lat' dir='ltr'>zona</span> 
     </span>
    </p>
   </div>
   <div class='ocr_carea' id='block_1_8' title="bbox 358 3179 1921 3232">
    <p class='ocr_par' dir='ltr' id='par_1_11' title="bbox 358 3179 1921 3232">
     <span class='ocr_line' id='line_1_39' title="bbox 358 3179 1921 3232; baseline -0.001 -14"><span class='ocrx_word' id='word_1_329' title='bbox 358 3179 373 3207; x_wconf 84' lang='lat'><strong>¹</strong></span> <span class='ocrx_word' id='word_1_330' title='bbox 402 3195 517 3230; x_wconf 85' lang='lat' dir='ltr'>quam</span> <span class='ocrx_word' id='word_1_331' title='bbox 548 3182 823 3220; x_wconf 89' lang='lat' dir='ltr'>delineandam</span> <span class='ocrx_word' id='word_1_332' title='bbox 853 3184 987 3220; x_wconf 88' lang='lat' dir='ltr'>curaui</span> <span class='ocrx_word' id='word_1_333' title='bbox 1017 3184 1138 3230; x_wconf 85' lang='lat' dir='ltr'>figura</span> <span class='ocrx_word' id='word_1_334' title='bbox 1168 3185 1404 3232; x_wconf 86' lang='lat' dir='ltr'>singularem</span> <span class='ocrx_word' id='word_1_335' title='bbox 1440 3184 1546 3221; x_wconf 90' lang='lat' dir='ltr'>uasis</span> <span class='ocrx_word' id='word_1_336' title='bbox 1583 3183 1748 3231; x_wconf 87' lang='lat' dir='ltr'>speciem</span> <span class='ocrx_word' id='word_1_337' title='bbox 1785 3192 1921 3230; x_wconf 88' lang='lat' dir='ltr'>parum</span> 
     </span>
    </p>
   </div>
   <div class='ocr_carea' id='block_1_9' title="bbox 207 3249 1969 3300">
    <p class='ocr_par' dir='ltr' id='par_1_12' title="bbox 207 3249 1969 3300">
     <span class='ocr_line' id='line_1_40' title="bbox 207 3249 1969 3300; baseline -0.001 -14"><span class='ocrx_word' id='word_1_338' title='bbox 207 3251 393 3286; x_wconf 87' lang='lat' dir='ltr'>adcurate</span> <span class='ocrx_word' id='word_1_339' title='bbox 421 3249 598 3297; x_wconf 87' lang='lat' dir='ltr'>praebet,</span> <span class='ocrx_word' id='word_1_340' title='bbox 630 3261 713 3285; x_wconf 90' lang='lat' dir='ltr'>cum</span> <span class='ocrx_word' id='word_1_341' title='bbox 743 3251 909 3298; x_wconf 80' lang='lat' dir='ltr'>picturas</span> <span class='ocrx_word' id='word_1_342' title='bbox 940 3250 1047 3285; x_wconf 83' lang='lat' dir='ltr'>albas</span> <span class='ocrx_word' id='word_1_343' title='bbox 1077 3250 1194 3287; x_wconf 86' lang='lat' dir='ltr'>lineis</span> <span class='ocrx_word' id='word_1_344' title='bbox 1224 3252 1346 3297; x_wconf 84' lang='lat' dir='ltr'>nigris</span> <span class='ocrx_word' id='word_1_345' title='bbox 1378 3253 1594 3300; x_wconf 87' lang='lat' dir='ltr'>exprimere</span> <span class='ocrx_word' id='word_1_346' title='bbox 1624 3249 1749 3286; x_wconf 85' lang='lat' dir='ltr'>eoacti</span> <span class='ocrx_word' id='word_1_347' title='bbox 1777 3249 1919 3284; x_wconf 88' lang='lat' dir='ltr'>simus.</span> <span class='ocrx_word' id='word_1_348' title='bbox 1965 3251 1969 3255; x_wconf 83' lang='lat'>&#39;</span> 
     </span>
    </p>
   </div>
  </div>
 </body>
</html>
