2168 3573
980 221 1208 266 ..17—

242 364 314 413 est
348 361 498 421 (Mon.
533 369 625 406 ant.
650 353 715 419 IV
749 357 875 419 302),
909 359 1148 417 praeterea
1181 361 1230 401 et
1260 371 1316 418 ex
1350 363 1469 399 terra
1502 355 1643 398 mixta
1674 353 1820 410 (Mon.
1858 360 1951 397 ant.

174 481 179 485 ,
243 440 308 482 IV
342 440 434 483 tab.
463 442 513 491 -6,
558 437 605 495 8)
639 444 687 480 et
721 437 932 479 esubtili
964 432 1090 493 (ibid.
1125 450 1170 491 p.
1206 434 1316 488 303)
1352 428 1732 475 facti·exstant1:
1767 430 1955 472 flabellis

243 513 391 557 ornati
426 519 532 556 sunt
563 513 711 557 Berol.
751 513 867 556 1521
905 517 1040 566 atque
1073 509 1324 552 Florentini
1359 509 1451 550 duo
1486 507 1669 562 egregii,
1718 506 1795 562 qui
1828 517 1955 561 prae·

241 595 365 631 terea
401 601 539 630 zonas
591 587 744 629 formis
779 586 1039 642 cylindratis
1073 587 1310 641 impressas
1361 596 1591 638 ansasque
1624 583 1780 637 plexas
1810 588 1949 638 atque

241 665 457 719 opercula
505 664 598 706 alta
627 662 863 716 exhibent,
918 662 1170 717 quibusque
1201 661 1419 703 docemur
1473 658 1747 714 scalpturam
1797 656 1952 699 statim

246 739 398 781 formis
431 739 694 794 cylindratis
729 743 968 792 exceptam
1003 749 1118 779 esse.

361 809 468 858 ⁴III.
520 827 601 856 uas
644 813 813 856 formae
848 812 1093 868 singularis,
1146 818 1323 853 stamno
1376 811 1452 866 qui
1500 810 1661 852 dicitur
1711 808 1949 852 Corinthio

242 890 399 941 simile,
449 889 661 945 operculo
697 888 947 943 coronario,
1001 887 1151 942 qualia
1196 887 1303 928 artis
1349 886 1578 927 Troianae
1630 884 1810 940 propria
1844 890 1950 925 sunt

240 964 315 1019 (cf.
351 965 465 1007 infra
498 946 539 1020 p'.
575 962 652 1020 28)
685 965 965 1008 instructum.
1022 977 1162 1005 unum
1197 964 1306 1004 noui
1353 962 1608 1018 exemplum
1642 962 1788 1004 Berol.
1829 962 1946 1005 1501

241 1036 405 1096 (forma
443 1038 550 1094 155)
584 1039 770 1082 flabellis
805 1045 1031 1081 ornatum.

386 1114 595 1169 Denique
632 1115 910 1157 monendum
946 1120 1027 1166 est,
1064 1114 1201 1154 etiam
1226 1113 1270 1153 in
1294 1112 1414 1153 uasis
1439 1112 1577 1165 nigris
1601 1109 1706 1153 artis
1732 1112 1951 1153 Etruscae

239 1188 583 1230 florentissimae
614 1184 752 1245 (saec.
785 1188 860 1232 VI.
895 1183 1037 1243 med.)
1065 1193 1334 1228 ornamenta
1368 1187 1542 1240 scalpta
1575 1199 1669 1227 non
1703 1199 1803 1227 raro
1839 1199 1950 1228 ana-

240 1263 399 1318 gly'ptis
434 1263 558 1319 addi,
610 1263 735 1303 uelut
784 1262 964 1303 flabella
1014 1261 1251 1302 dimidiata
1288 1261 1333 1301 in
1375 1260 1563 1301 humero
1614 1261 1736 1302 urcei
1780 1259 1951 1302 Clusini

239 1337 524 1392 pulcherrimi
558 1333 746 1394 (Annali
782 1338 902 1380 1884
917 1335 1012 1390 D)²
1049 1350 1263 1391 expressa
1295 1342 1413 1379 sunt.

374 1398 459 1454 *Vr
472 1412 626 1468 paucis
651 1426 871 1455 summam
906 1412 1185 1469 quaestionis
1218 1411 1307 1460 iam
1344 1411 1708 1466 perstringamus,
1743 1412 1950 1468 quamuis

241 1480 353 1542 uasa
385 1473 515 1543 nigra
549 1489 719 1543 scalpta
753 1489 877 1531 haud
908 1491 1057 1543 pauca
1090 1488 1292 1530 Etruscis
1341 1488 1597 1530 abiudicari
1630 1501 1724 1529 non
1757 1488 1951 1543 possint,

227 1545 549 1620 ⁴antiquissima
600 1569 752 1606 tamen
799 1563 1063 1619 optimaque
1110 1563 1318 1617 exempla
1355 1561 1565 1605 Graecae
1614 1562 1796 1617 originis
1848 1576 1951 1605 esse

238 1622 503 1694 persuasum
555 1638 720 1680 habeo.
776 1624 943 1679 etenim
995 1638 1167 1680 formae
1217 1638 1313 1679 fere
1368 1651 1528 1679 omnes
1572 1638 1780 1680 Graecae
1831 1646 1952 1695 sunt,

239 1713 394 1768 scyphi
428 1712 485 1754 et'
509 1713 675 1768 lecythi
717 1713 1087 1767 protocorinthiis
1121 1713 1301 1765 similes,
1336 1719 1523 1767 paterae
1559 1719 1605 1754 et
1635 1715 1799 1768 pocula
1832 1714 1952 1755 Ioni-

241 1789 318 1843 cis,
354 1789 477 1830 urcei
508 1789 656 1831 uel'et
689 1788 774 1843 ipsi
809 1787 971 1830 Ionicis
1007 1782 1238 1845 (Milesiis)
1272 1788 1344 1829 uel
1380 1787 1536 1830 Siculis
1572 1801 1627 1829 ex
1662 1795 1757 1830 arte
1794 1796 1950 1844 proto-

241 1860 465 1906 corinthia
496 1855 838 1919 pendentibus,
878 1863 1084 1905 canthari
1136 1864 1245 1904 item
1291 1870 1395 1905 cum
1431 1863 1586 1905 Siculis
1629 1864 1948 1918 cOngruentes.

241 1941 419 1982 accedit
460 1941 585 1996 quod
623 1940 835 1982 animalia
871 1952 1169 1994 quaecunque
1218 1940 1336 1981 uasis
1370 1940 1535 1981 nostris
1569 1941 1811 1994 peculiaria
1844 1946 1950 1981 sunt

248 2016 412 2058 eadem
444 2017 489 2057 in
524 2015 743 2070 operibus
767 2014 934 2056 Ionicis
969 2020 1241 2057 occurrunt:
1277 2015 1426 2070 qualia
1460 2015 1618 2057 leones
1653 2015 1761 2057 alati
1795 2011 1946 2071 sunt3,

246 2089 603 2131 struthiocameli
642 2095 689 2129 et
721 2090 767 2130 in
810 2089 944 2130 situla
991 2102 1137 2130 aenea
1170 2088 1464 2130 Praenestina
1499 2084 1850 2144 (Archaeologia
1886 2091 1940 2132 41

186 2160 187 2163 ¹
243 2158 334 2211 tab.
360 2167 401 2223 6,
435 2164 550 2207 infra
583 2178 627 2220 p.
651 2163 853 2219 19—20)
890 2170 937 2206 et
973 2164 1018 2206 in
1052 2170 1206 2220 patera
1230 2163 1473 2207 Niniuitica
1508 2163 1713 2221 (Layard
1732 2165 1774 2208 11
1800 2167 1855 2208 59
1879 2164 1944 2207 A:

388 2323 403 2350 ¹
431 2326 665 2363 monendum
694 2330 823 2362 tamen
848 2329 921 2373 est,
958 2325 1126 2362 similem
1165 2325 1327 2362 formam
1357 2325 1457 2362 inter
1484 2337 1580 2362 uasa
1609 2327 1760 2364 Graeca
1787 2339 1945 2376 quoque

245 2392 435 2429 inueniri:
479 2388 611 2439 qualis⁴
631 2403 768 2427 urceus
808 2396 867 2427 est
895 2391 1187 2439 antiquissimus
1217 2397 1260 2426 ut
1287 2392 1347 2427 ita
1373 2392 1493 2427 dicam
1522 2393 1812 2440 protomilesius
1842 2395 1946 2432 Mus.

240 2458 336 2496 Brit.
364 2460 405 2495 A
431 2455 484 2495 34
511 2456 748 2504 (Duemmler
774 2456 903 2495 AIhb.
931 2457 990 2493 VI
1020 2455 1129 2506 268).

385 2520 404 2548 2
431 2523 702 2569 degenerantis
742 2527 855 2570 atque
890 2523 1116 2558 recentioris
1153 2524 1243 2558 artis
1285 2523 1464 2571 exempla
1494 2530 1583 2559 sunt
1626 2525 1708 2561 olla
1735 2538 1758 2561 a
1785 2527 1945 2563 Micalio

240 2587 368 2636 (Mon.
396 2588 447 2625 in.
478 2587 544 2636 34)
574 2588 681 2624 edita
712 2593 750 2623 et
778 2600 917 2625 urceus
955 2588 1237 2634 Tragliatellae
1281 2595 1456 2636 repertus
1500 2588 1664 2638 (Annali
1703 2591 1805 2629 1881
1836 2593 1945 2641 LM),

241 2667 406 2703 quorum
434 2661 639 2703 utrumque
666 2655 989 2704 inscriptionibus
1017 2656 1193 2692 Etruscis
1224 2655 1442 2702 insignitur.

399 2717 416 2744 3
442 2721 745 2768 frequentissimi
788 2722 828 2756 in
846 2757 850 2762 ,
870 2709 1065 2770 operibus
1088 2722 1273 2768 Assyriis,
1305 2722 1427 2769 Syriis
1472 2721 1523 2770 (e.
1544 2734 1581 2768 g.
1602 2724 1741 2760 Perrot
1759 2726 1817 2761 IV
1837 2726 1945 2776 534),

241 2785 470 2822 Phoeniciis
513 2787 560 2832 (e.
590 2798 629 2832 g.
661 2784 800 2823 Perrot
828 2788 889 2823 ΠΙ
916 2785 1011 2836 408)
1055 2787 1278 2834 Ionicisque
1323 2799 1368 2823 ex
1403 2787 1479 2823 illis
1520 2788 1795 2839 pendentibus,
1837 2793 1947 2828 utin

241 2849 391 2886 armilla
419 2861 536 2887 aurea
564 2852 838 2888 Vetuloniensi
866 2850 979 2901 (Not.
1009 2853 1045 2890 d.
1075 2853 1136 2891 Sc.
1168 2852 1283 2902 1893,
1311 2852 1419 2902 504),
1456 2854 1496 2888 in
1523 2866 1610 2890 arca
1636 2867 1757 2891 aenea
1785 2856 1947 2894 Vetulo-

239 2915 368 2951 niensi
398 2915 511 2964 (Not.
542 2917 579 2955 d.
609 2917 671 2955 Sc.
703 2916 805 2956 1887
834 2918 914 2955 tab.
945 2916 1025 2967 18),
1052 2916 1094 2954 in
1123 2924 1266 2955 cratera
1295 2919 1508 2956 Caeretana
1542 2919 1660 2969 (Mus.
1691 2921 1855 2969 Greg.1
1884 2924 1948 2965 11,

237 2979 301 3029 16)
331 2977 394 3031 aL,
421 2982 584 3019 rariores
611 2982 654 3020 in
688 2983 794 3020 'uasis
822 2983 935 3031 pictis
967 2990 1191 3022 occurrunt:
1228 2985 1436 3037 uasculum
1466 2987 1561 3022 noui
1591 2988 1946 3035 protocorinthium

238 3046 346 3096 (IHS
374 3048 438 3083 XI
470 3042 679 3105 iab.1s2:
722 3049 875 3096 insigne
919 3049 1066 3098 clipei),
1112 3049 1288 3098 hydriam
1338 3052 1520 3088 Lesbiam
1563 3051 1629 3101 (ef.
1658 3055 1758 3092 infra
1800 3068 1838 3104 p.
1869 3056 1947 3104 22),

242 3111 469 3175 amphoram
511 3113 715 3149 Etruscam
759 3115 864 3153 Mus.
893 3115 990 3153 Brit.
1019 3116 1075 3151 B'
1084 3115 1148 3164 67,
1183 3128 1277 3152 uasa
1303 3118 1419 3154 rubra
1461 3118 1768 3170 (AAnz.1891,
1807 3122 1871 3170 16)
1911 3128 1950 3159 et

238 3177 362 3223 nigra
389 3176 545 3219 (Micali
573 3178 702 3214 storia
727 3178 792 3222 20,
823 3179 886 3224 16)
923 3180 1063 3216 formis
1091 3181 1296 3229 impressa,
1334 3195 1427 3218 uasa
1463 3174 1621 3221 bernice
1646 3191 1759 3235 tecta,
1789 3188 1839 3223 de
1867 3190 1949 3235 qui-

237 3242 312 3278 bus
340 3242 436 3277 infra
465 3247 610 3287 agetur.

1703 3330 1727 3367 2
